2490 4208
102 114 143 235 Χ.ι
156 178 213 253 74]
312 260 325 279 .
370 158 573 247 Half-wan,
591 161 651 226 but
672 160 738 226 lost
760 160 881 246 agaz'n.

101 364 305 445 exsangues
316 356 445 423 flebant
461 357 619 431 animae;
644 378 709 422 nec
724 357 896 421 Tantalus
912 357 1040 421 undam

101 458 252 550 captavit
268 465 439 552 refugam,
458 464 652 550 stupuitque
670 462 800 527 Ixionis
815 461 920 539 orbis,

101 591 168 635 nec
184 590 342 655 carpsere
355 571 454 658 jecur
469 571 639 645 volucres,
658 570 822 655 urnisque
838 579 1005 634 vacarunt

101 674 254 753 Belides,
272 676 375 763 inque
392 689 449 741 tuo
466 675 595 752 sedisti,
614 676 778 763 Sisyphe,
797 697 893 741 saxo.

99 793 184 848 tunc
199 783 348 868 primum
365 783 515 848 lacrimis
531 782 698 847 victarum
716 783 867 848 carmine
884 782 977 846 fama
993 793 1044 847 est
1119 812 1154 868 45
1216 786 1219 791 ’

101 887 335 953 Eumenidum
353 889 527 954 maduisse
543 910 665 976 genas.
714 887 793 953 Nec
809 887 906 976 regia
922 889 1075 977 conjunx

102 994 244 1059 sustinet
259 994 382 1070 oranti,
402 1016 466 1059 nec
481 995 539 1081 qui
556 995 645 1082 regit
660 995 744 1070 ima,
763 1015 913 1081 negare:

101 1100 368 1188 Eurydicenque
384 1112 521 1167 vocant.
569 1101 720 1167 Umbras
737 1110 808 1165 erat
824 1100 884 1164 illa
899 1109 1054 1165 recentes

101 1207 201 1284 inter,
220 1219 253 1273 et
269 1207 408 1273 incessit
424 1230 528 1293 passu
545 1208 588 1272 de
604 1208 747 1272 vulnere
762 1207 872 1273 tardo.

102 1315 194 1379 hanc
210 1314 312 1380 simul
330 1326 363 1380 et
379 1309 494 1402 legem
511 1314 739 1398 Rhodopeius
756 1313 880 1398 accipit
896 1313 1009 1388 heros,
1121 1343 1155 1398 50

101 1442 145 1485 ne
162 1419 277 1486 flectat
292 1432 381 1486 retro
399 1442 462 1485 sua
478 1421 623 1495 lumina,
642 1421 752 1485 donec
768 1419 927 1485 Avernas

101 1527 222 1592 exierit
237 1528 358 1603 valles,
378 1538 436 1592 aut
451 1527 543 1591 irrita
562 1528 654 1592 dona
669 1526 794 1591 futura.

147 1631 309 1719 Carpitur
325 1633 465 1700 acclivis
482 1655 543 1718 per
560 1643 653 1697 muta
671 1632 806 1699 silentia
822 1644 962 1708 trames,

101 1740 243 1816 arduus,
260 1741 439 1817 obscurus,
459 1740 609 1828 caligine
627 1741 754 1805 densus
770 1761 893 1825 opaca.

100 1867 167 1910 nec
182 1848 302 1933 procul
319 1846 477 1911 afuerunt
492 1847 622 1911 telluris
640 1848 795 1934 margine
813 1867 989 1912 summae:
1119 1875 1153 1933 53

101 1952 171 2028 hic,
190 1974 233 2017 ne
250 1953 411 2018 deficeret
426 1965 594 2028 metuens,
613 1953 803 2039 avidusque
818 1953 972 2030 videndi,

99 2059 196 2125 flexit
213 2079 333 2124 amans
348 2062 487 2134 oculos;
511 2074 544 2125 et
559 2060 713 2145 protinus
728 2060 789 2125 illa
805 2061 940 2146 relapsa
957 2070 1020 2135 est,

99 2167 332 2255 bracchiaque
348 2167 528 2233 intendens
545 2168 735 2255 prendique
752 2179 785 2233 et
802 2169 970 2254 prendere
986 2179 1129 2255 captans

100 2276 150 2341 nil
166 2274 232 2340 nisi
250 2276 410 2341 cedentes
425 2274 546 2340 infelix
563 2274 680 2361 arripit
697 2296 810 2340 auras.

97 2383 241 2474 jamque
257 2383 379 2448 iterum
397 2383 545 2448 moriens
561 2404 629 2447 non
648 2394 698 2448 est
714 2384 756 2448 de
775 2383 922 2472 conjuge
938 2380 1123 2470 quicquam
1154 2377 1156 2381 ¹

101 2504 222 2579 questa
239 2513 322 2558 suot
347 2493 430 2581 quid
446 2492 536 2558 enim
554 2492 620 2558 nisi
637 2515 674 2559 se
690 2504 888 2579 quereretur
905 2490 1078 2556 amatam?

101 2621 369 2689 supremumque
398 2600 481 2667 Vale
497 2600 513 2665 l
535 2602 627 2689 quod
639 2602 711 2689 jam
729 2602 788 2666 vix
805 2603 944 2667 auribus
960 2600 1018 2666 ille

101 2707 286 2792 acciperet,
304 2707 402 2783 dixit,
422 2708 641 2796 revolutaque
658 2731 775 2774 rursus
793 2710 912 2774 eodem
931 2719 994 2773 est.

147 2813 230 2880 Non
247 2813 344 2878 aliter
360 2815 486 2899 stupuit
500 2816 639 2901 gemina
656 2836 741 2880 nece
759 2815 915 2903 conjugis
933 2813 1107 2898 Orpheus,

101 2939 207 3005 quam
223 2918 287 2982 tria
303 2918 361 3007 qui
378 2918 529 2995 timidus,
550 2919 663 3001 medio
680 2930 834 3006 portante
852 2930 1004 2991 catenas,
1120 2933 1154 3004 65

102 3026 193 3090 colla
210 3024 306 3090 canis
320 3025 424 3100 vidit;
448 3047 551 3112 quem
569 3048 637 3090 non
654 3048 761 3113 pavor
777 3037 854 3091 ante
871 3025 1017 3112 reliquit,

102 3153 208 3218 quam
225 3145 346 3196 natura
363 3131 466 3218 prior,
483 3154 567 3198 saxo
583 3155 645 3218 per
661 3155 786 3218 corpus
801 3134 939 3199 oborto:

102 3240 231 3326 quique
248 3238 282 3303 in
300 3261 337 3304 se
354 3239 482 3303 crimen
499 3240 602 3304 traxit
617 3240 789 3327 voluitque
807 3239 913 3304 videri

104 3345 236 3410 Olenos
253 3366 329 3410 esse
345 3366 486 3420 nocens,
505 3358 609 3431 tuque
625 3345 657 3410 O
674 3347 804 3410 confisa
820 3347 968 3434 figurae,

103 3448 226 3514 inselix
242 3447 412 3523 Lethaea,
430 3459 522 3523 tuae,
537 3448 752 3535 junctissima
767 3451 943 3536 quondam
1123 3478 1158 3533 70

104 3565 259 3643 pectora,
276 3576 369 3620 nunc
384 3555 530 3639 lapides,
548 3577 633 3640 quos
650 3554 792 3620 humida
809 3557 950 3621 sustinet
966 3557 1041 3622 lde.

151 3662 317 3727 Orantem
334 3661 524 3748 frustraque
540 3661 662 3726 iterum
677 3664 821 3727 transire
838 3665 1010 3730 volentem

104 3768 247 3855 portitor
263 3777 429 3834 arcuerat.
479 3767 617 3852 Septem
634 3778 749 3832 tamen
767 3770 823 3833 ille
841 3770 962 3836 diebus

105 3876 286 3963 squalidus
300 3874 335 3940 in
353 3875 426 3961 ripa
444 3872 579 3941 Cereris
595 3875 670 3942 sine
689 3899 835 3944 munere
854 3878 969 3955 sedit3
