2490 4208
91 168 273 241 xl11.143.]
438 147 555 241 Repry
578 153 626 239 os
646 152 794 240 Ulysses.
1081 168 1142 216 121

92 367 158 412 nec
174 347 318 433 clipeus,
335 349 422 415 vasti
440 350 590 414 caelatus
607 348 760 436 imagine
776 348 909 425 mundi,
1096 380 1147 419 110

92 454 274 519 conveniet
289 455 428 520 timidae
445 466 614 540 nataeque
632 456 675 520 ad
692 455 779 519 furta
798 456 967 520 sinistrae.

92 559 348 625 debilitaturum
365 562 447 648 quid
463 573 495 626 te
511 562 611 647 petis,
629 561 798 646 improbe,
818 559 966 626 munus?

93 666 187 752 quod
203 666 261 732 tibi
278 667 306 733 si
322 668 440 753 populi
458 668 636 733 donaverit
652 688 746 732 error
761 665 902 742 Achivi,

95 793 157 838 cur
173 772 329 858 spolieris
345 774 420 850 erit,
439 796 508 839 non
525 795 586 838 cur
603 773 764 838 metuaris
782 774 825 838 ab
844 774 963 839 hoste:

93 890 127 944 et
144 879 241 968 suga,
259 901 327 967 qua
343 881 416 946 sola
433 894 587 956 cunctos,
605 880 833 955 timidissime,
852 882 973 958 vincis,
1098 913 1126 951 11
1131 911 1145 967 ς

93 986 193 1052 tarda
209 986 322 1051 futura
337 985 397 1052 tibi
414 997 464 1052 est
481 987 674 1074 gestamina
691 997 784 1050 tanta
802 988 962 1053 trahenti.

141 1090 267 1158 ‘Adde
284 1093 375 1180 quod
391 1092 454 1159 iste
470 1104 561 1168 tuus,
578 1104 649 1157 tam
666 1112 743 1158 raro
760 1095 890 1178 proelia
907 1117 1042 1180 passus,

93 1200 229 1288 integer
244 1211 296 1265 est
311 1199 462 1285 clipeus:
487 1210 615 1273 nostro,
634 1198 692 1285 qui
709 1199 778 1265 tela
794 1200 935 1266 serendo

95 1307 188 1373 mille
205 1316 296 1392 patet
312 1306 437 1395 plagis,
456 1327 565 1371 novus
584 1317 634 1370 est
650 1291 829 1373 successor
845 1308 1036 1373 habendus.

95 1413 256 1500 denique,
274 1413 357 1499 quid
373 1413 485 1477 verbis
501 1433 589 1497 opus
605 1411 677 1477 est?
723 1411 929 1498 Spectemur
946 1411 1103 1502 agendol

97 1540 192 1584 arma
208 1519 273 1585 viri
289 1518 384 1585 sortis
401 1519 531 1585 medios
549 1518 723 1584 mittantur
740 1519 775 1584 in
793 1520 928 1586 hostes:

96 1628 175 1693 inde
188 1627 305 1716 jubete
321 1626 403 1714 peti,
421 1637 455 1692 et
470 1630 673 1693 referentem
692 1637 810 1692 ornate
827 1626 967 1693 relatis?

140 1734 295 1800 Finierat
309 1733 501 1798 Telamone
517 1744 623 1808 satus,
642 1733 806 1820 vulgique
824 1748 978 1799 secutum

97 1842 216 1906 ultima
233 1861 386 1906 murmur
401 1850 494 1914 erat3
520 1840 630 1906 donec
646 1838 805 1906 Laertius
823 1842 923 1906 heros

99 1947 212 2022 astitit,
231 1958 332 2034 atque
348 1948 466 2012 oculos
482 1947 624 2032 paulurn
641 1947 761 2012 tellure
779 1959 926 2014 moratos
1101 1977 1148 2033 125

99 2054 232 2120 sustulit
247 2054 292 2120 ad
308 2074 481 2139 proceres,
499 2066 746 2141 expectatoque
764 2055 902 2120 resolvit

99 2183 157 2228 ora
174 2182 280 2236 son03
305 2181 417 2247 neque
433 2160 530 2224 abest
546 2160 702 2235 facundis
719 2162 830 2248 gratia
846 2161 957 2227 dictis.

144 2265 154 2309 '⁴
169 2266 210 2333 Si
226 2287 303 2333 mea
320 2287 398 2332 cum
414 2268 536 2332 vestris
551 2266 740 2332 valuissent
755 2280 847 2342 vota,
867 2268 1019 2356 Pelasgi,

100 2398 168 2442 non
183 2376 270 2441 soret
286 2375 469 2462 ambiguus
485 2374 568 2439 tanti
586 2375 782 2441 certaminis
799 2376 911 2450 heres,

99 2494 204 2570 tuque
219 2482 285 2548 tuis
302 2481 418 2558 armis,
436 2504 500 2547 nos
516 2493 548 2546 te
566 2495 771 2567 poteremur,
790 2481 941 2549 Achille.
1103 2514 1152 2567 130

101 2610 203 2676 quem
219 2588 383 2676 quoniam
399 2609 467 2653 non
485 2609 596 2675 aequa
613 2587 696 2652 mihi
713 2589 878 2675 vobisque
895 2601 1065 2677 negarunt

102 2696 195 2772 fata,'
211 2716 384 2782 manuque
401 2694 502 2760 simul
519 2694 624 2758 veluti
640 2694 854 2759 lacrimantia
871 2697 963 2761 tersit

103 2802 233 2869 lumina
251 2801 352 2888 ‘quis
369 2822 499 2889 magno
517 2800 638 2866 melius
656 2802 819 2866 succedat
835 2800 977 2875 Achilli,

103 2930 206 2998 quam
223 2929 403 2994 perquem
420 2929 569 2996 magnus
586 2907 720 2973 Danais
738 2909 901 2973 successit
917 2907 1096 2973 Achilles?

104 3017 184 3081 huic
200 3014 303 3080 modo
319 3035 362 3079 ne
379 3015 497 3100 prosit,
516 3016 621 3101 quod,
637 3015 685 3079 uti
703 3025 767 3090 est,
785 3014 891 3081 hebes
908 3036 982 3080 esse
999 3016 1153 3080 videtur:

104 3142 192 3188 neve
205 3119 288 3185 mihi
300 3133 433 3197 noceat,
452 3122 544 3208 quod
560 3121 656 3188 vobis
673 3143 823 3207 semper,
841 3119 979 3197 Achivi,

105 3228 230 3315 profuit
245 3228 443 3315 ingenium3
468 3250 614 3316 meaque
632 3229 719 3294 haec
735 3228 911 3301 facundia,
931 3229 1027 3314 siqua
1045 3239 1108 3303 est,

105 3354 194 3420 quae
210 3353 303 3398 nunc
319 3353 382 3418 pro
398 3332 549 3407 domino,
568 3355 630 3418 pro
646 3334 742 3399 vobis
760 3355 864 3419 saepe
883 3334 994 3397 locuta
1013 3346 1075 3408 est,

106 3438 234 3506 invidia
251 3449 386 3513 careat3
411 3439 500 3503 bona
518 3460 582 3504 nec
598 3440 821 3526 suapquisque
840 3451 986 3505 recuset.

151 3545 269 3611 ‘Nam
287 3567 397 3631 genus
414 3554 447 3609 et
463 3565 608 3630 proavos
625 3557 658 3610 et
674 3567 762 3631 quae
779 3569 847 3612 non
866 3549 1010 3612 fecimus
1029 3547 1106 3631 ipsi,

107 3650 164 3717 vix
180 3672 223 3717 ea
239 3662 353 3716 nostra
368 3671 466 3715 voco.
514 3649 586 3716 Sed
604 3651 708 3726 enim,
726 3653 807 3739 quia
823 3655 949 3719 rettulit
967 3653 1060 3742 Ajax

108 3779 183 3825 esse
194 3756 292 3845 Jovis
308 3777 491 3842 pronepos,
510 3756 614 3820 nostri
632 3779 767 3843 quoque
784 3761 965 3847 sanguinis
985 3773 1104 3827 auctor

105 3862 261 3953 Juppiter
276 3872 338 3940 est,
352 3862 560 3951 totidemque
576 3863 710 3954 gradus
727 3865 902 3951 distamus
917 3869 964 3934 ah
975 3867 1059 3933 illo.
