2490 4208
89 193 287 265 111.10‚32.]
382 175 513 240 Wr'rrter
536 173 662 243 Sernes
685 177 736 242 in·
753 176 899 244 Thrace.
1086 193 1148 266 172
1193 179 1197 187 ’

235 389 268 454 3.
304 370 436 437 Wairr
458 369 584 438 Sernes
608 372 644 437 in
675 371 811 438 Thrace
836 373 905 461 (iii.
927 373 1005 464 10).

91 582 242 728 SIQJ
244 583 287 649 IS
304 583 420 650 adhuc
435 583 510 650 istic
527 583 680 650 meminit
696 583 848 652 Nasonis
866 587 1034 676 adempti,

197 691 241 755 Et
256 701 410 776 superest
426 690 499 756 siue
516 711 571 755 me
587 712 713 755 nomen
729 690 764 756 iu
782 692 877 759 Urbe
894 718 1025 774 meum,

92 796 317 882 Suppositum
333 797 438 862 stellis
455 818 642 883 numquam
659 800 881 886 tangentibus
898 823 1028 890 aequor

140 903 200 969 Me
217 903 302 969 sciat
317 903 352 968 iu
368 904 483 969 media
499 903 615 969 vivere
632 905 806 972 barbarie.
856 928 859 933 ’

93 1011 320 1078 Sauromatae
336 1011 492 1098 cingunt,
511 1010 583 1075 fera
599 1033 700 1100 gens,
721 1012 889 1103 Bessique
907 1015 1101 1105 Getaeque,
1131 1048 1146 1106 ς

141 1116 256 1203 Quam
273 1140 341 1184 non
357 1116 498 1206 iugenio
515 1118 654 1184 nomina
673 1120 780 1209 digna
798 1121 898 1188 meai

93 1225 188 1291 Dum
203 1236 318 1291 tamen
333 1246 419 1290 aura
434 1235 538 1311 tepet,
557 1226 671 1292 medio
689 1228 906 1295 defendimur
923 1229 1063 1296 Histro:

139 1332 202 1399 Ille
219 1333 288 1399 suis
305 1333 454 1420 liquidus
470 1333 562 1398 bella
578 1334 714 1420 repellit
731 1335 842 1422 aquis.

92 1439 142 1507 At
157 1460 236 1506 cum
252 1440 354 1506 tristis
369 1439 506 1525 hiemps
522 1441 713 1527 squalentia
729 1442 868 1528 protulit
881 1463 956 1520 ora,
1030 1462 1033 1469 ·

138 1547 317 1635 Terraque
334 1568 527 1612 mamerco
543 1547 692 1613 candida
708 1548 799 1614 facta
814 1550 897 1637 gelu
911 1561 977 1626 est,

94 1655 188 1727 Dum
204 1667 295 1721 vetat
310 1666 343 1721 et
359 1653 488 1721 Boreas
505 1664 539 1720 et
554 1655 615 1719 nix
632 1655 787 1721 habitare
804 1658 868 1722 sub
884 1655 1005 1734 Arete,

138 1762 233 1828 Tum
246 1763 365 1849 liquet,
384 1762 448 1826 has
465 1772 586 1849 gentes
602 1781 669 1827 axe
685 1772 852 1828 tremente
867 1762 993 1848 premi.

94 1869 168 1936 Nix
180 1870 283 1958 jacet,
303 1879 336 1935 et
351 1867 501 1957 glaciem
517 1887 582 1932 nec
598 1869 648 1933 sol
666 1866 848 1954 pluviaeve
864 1871 1054 1946 resolvunt,

140 1976 283 2043 Indurat
298 1973 429 2041 Boreas
445 1985 714 2061 perpetuamque
731 1975 834 2051 facit;

96 2081 191 2171 Ergo
207 2081 265 2147 ubi
282 2082 421 2148 delicuit
435 2081 589 2145 nondum
604 2081 711 2166 prior,
729 2083 837 2147 altera
853 2081 960 2158 venit,

141 2189 186 2254 Et
201 2189 286 2254 solet
300 2188 335 2252 in
353 2187 467 2252 multis
481 2187 575 2252 bima
593 2206 732 2252 manere
749 2189 846 2253 loeis.

96 2296 277 2382 Tantaque
294 2292 454 2363 commoti
469 2292 522 2358 vis
536 2303 588 2358 est
604 2291 800 2380 Aquilonis,
820 2305 858 2359 ut
874 2295 961 2360 altas

141 2401 279 2489 Aequet
293 2402 399 2466 humo
414 2410 524 2464 turres
539 2410 696 2486 tectaque
712 2413 810 2487 rapta
828 2401 927 2466 ferat.
999 2447 1003 2452 -

97 2507 250 2574 Pellibus
266 2518 299 2573 et
314 2506 396 2573 sutis
412 2516 531 2571 arcent
543 2506 639 2570 mala
656 2506 786 2593 frigora
800 2507 950 2583 braccis,

142 2613 281 2701 Oraque
298 2614 341 2678 de
356 2623 425 2678 toto
441 2631 583 2697 corpore
599 2612 675 2677 sola
692 2623 819 2696 patent.

99 2719 213 2807 Saepe
229 2732 351 2787 sonant
367 2719 448 2785 moti
465 2718 579 2806 glacie
595 2719 765 2804 pendente
781 2718 912 2804 capilli,

143 2829 188 2894 Et
203 2826 438 2892 nitet-inducto
454 2825 603 2891 candida
619 2824 726 2892 barba
743 2826 840 2910 gelu.

98 2937 272 3022 Nudaque
289 2932 488 3007 consistunt,
507 2931 653 2997 sormam
671 2931 841 2996 seruantia
857 2938 978 3008 testae,

142 3043 249 3118 Vina,
268 3061 333 3107 nec
349 3041 471 3106 hausta
489 3037 586 3114 meri,
605 3037 666 3103 sed
683 3037 763 3102 data
779 3037 886 3102 frusta
900 3034 1033 3105 bibunt.

100 3151 195 3238 Quid
211 3151 344 3239 loquar,
361 3159 400 3214 ut
413 3145 518 3213 vincti
532 3155 759 3211 concrescant
775 3144 902 3232 frigore
918 3144 995 3220 rivi,

144 3259 267 3346 Deque
283 3259 361 3322 lacu
377 3254 518 3343 fragiles
535 3251 741 3318 effodiantur
758 3246 892 3338 aquae?

99 3366 193 3453 Ipse,
210 3363 404 3452 papyrifero
421 3361 479 3450 qui
495 3382 564 3426 non
580 3359 758 3448 angustior
773 3377 876 3424 amne
935 3376 938 3380 ·

144 3473 311 3540 Miscetur
325 3482 422 3537 vasto
439 3470 545 3534 multa
561 3488 623 3554 per
638 3487 699 3532 ora
716 3467 813 3542 freto,

100 3579 289 3648 Caeruleos
305 3576 414 3644 ventis
429 3575 549 3642 latices
566 3574 781 3649 durantibus,
803 3572 920 3638 Hister

145 3683 330 3772 Congelat,
349 3693 382 3748 et
397 3682 493 3747 tectis
509 3681 545 3746 in
563 3701 656 3745 mare
674 3681 778 3766 serpit
795 3680 905 3767 aquis.

101 3791 251 3878 Quaque
267 3801 358 3856 rates
373 3788 495 3864 ierant,
512 3787 657 3874 pedibus
674 3807 766 3852 nunc
782 3787 859 3862 itur,
878 3797 912 3852 et
926 3787 1039 3853 undas

147 3897 291 3984 Frigore
305 3905 481 3960 concretas
498 3893 630 3983 ungula
647 3894 767 3982 pulsat
781 3894 890 3987 equis
