2490 4208
92 182 138 252 94
383 159 455 227 The
477 159 596 228 Death
621 161 669 246 <ff
680 159 866 228 Hercules.
1002 180 1148 253 [Mem

91 378 248 444 pascere,
266 366 299 423 et
314 358 406 422 hanc
421 369 551 453 pestem
568 368 697 443 specta,
718 359 878 436 crudelis,
898 360 941 425 ab
958 360 1042 440 alto,

92 486 218 551 corque
234 464 343 528 ferum
361 465 457 529 satia.
506 456 572 529 Vel
590 446 619 529 si
637 452 853 531 miserandus
871 476 904 531 et
922 454 1011 534 hosti

92 574 269 637 hoc'aestu
285 570 345 635 tibi
363 593 451 647 sum,
471 571 552 636 diris
570 573 775 637 cruciatibus
794 593 936 662 aegram

90 679 304 764 invisamque
322 677 472 742 animam
489 688 672 765 natamque
690 680 863 746 laboribus
882 684 990 750 aufer.
1099 706 1148 758 180

54 850 64 868 Ι
91 809 182 852 mors
196 786 279 850 mihi
292 785 512 850 munuserit:
531 787 629 851 decet
641 789 729 853 haec
747 790 830 856 dare
845 791 935 856 dona
949 812 1146 857 novercam.

40 932 43 937 ·
91 916 176 982 ergo
193 915 259 982 ego
276 893 470 957 foedantem
487 893 671 980 peregrino
690 899 819 983 templa
838 919 958 964 cruore

91 1000 229 1066 Busirin
246 998 384 1065 domui?
408 1021 579 1087 saevoque
598 1002 760 1069 alimenta
777 1005 928 1090 parentis

90 1108 226 1173 Antaeo
244 1105 374 1192 eripui?
400 1127 463 1171 nec
480 1127 534 1171 me
552 1110 697 1193 pastoris
718 1110 838 1177 Hiberi

53 1214 59 1227 '
90 1216 200 1281 forma
216 1213 353 1299 tripleX,
372 1234 437 1278 nec
453 1213 563 1279 forma
580 1216 705 1302 triplex
721 1228 792 1295 tua,
811 1218 976 1295 Cerbero,
996 1220 1123 1286 movit?

89 1343 210 1397 vosne,
229 1342 364 1396 manus,
382 1322 488 1387 validi
506 1325 675 1410 pressistis
692 1346 820 1390 cornua
837 1326 947 1390 tauri?

90 1439 240 1494 vestrum
254 1450 340 1514 opus
358 1428 430 1494 Elis
445 1431 560 1508 habet,
576 1443 724 1496 vestrum
740 1431 1000 1518 Stymphalides
1013 1434 1141 1510 undae,

91 1534 382 1622 Partheniumque
401 1537 545 1603 nemus?
569 1550 679 1603 vestra
697 1538 818 1604 virtute
835 1540 963 1605 relatus

90 1642 406 1709 Thermodontiaco
423 1647 574 1710 caelatus
590 1645 723 1710 balteus
740 1666 837 1721 aur0,

91 1772 262 1838 pomaque
280 1753 324 1817 ab
341 1752 487 1818 insomni
505 1752 737 1817 concustodita
754 1751 963 1855 dracone?³¹¹
1096 1785 1147 1841 ¹90

91 1880 157 1925 nec
173 1859 256 1924 mihi
273 1859 437 1925 Centauri
455 1870 594 1945 potuere
611 1858 779 1934 resistere,
800 1879 864 1924 nec
881 1856 934 1922 mi'
986 1852 988 1857 ’
1060 1848 1068 1875 ”

90 1967 265 2035 Arcadiae
281 1979 431 2034 vastator
448 1965 552 2052 aper?
575 1987 640 2031 nec
656 1965 780 2051 profuit
796 1967 930 2052 hydrae

92 2097 246 2142 crescere
262 2098 324 2162 per
340 2077 518 2149 damnum,
537 2073 762 2159 geminasque
778 2093 951 2138 resumere
968 2073 1083 2140 vires?

90 2184 187 2271 quid,
208 2205 286 2249 cum
303 2182 451 2249 Thracis
469 2202 574 2267 equos
591 2180 743 2244 humano
761 2179 930 2266 sanguine
948 2180 1099 2268 pingues

90 2293 262 2378 plenaque
279 2290 478 2376 corporibus
495 2286 617 2352 laceris
633 2286 814 2372 praesepia
830 2285 913 2362 vidi,
1095 2318 1144 2376 195

89 2398 233 2485 visaque
250 2398 372 2486 dejeci,
391 2396 635 2480 dominumque
653 2393 813 2479 ipsosque
831 2391 985 2479 peremi?

91 2505 145 2570 his
161 2505 245 2570 elisa
259 2505 350 2593 jacet
367 2506 474 2569 moles
491 2502 669 2567 Nemeaea
685 2499 843 2575 lacertis;

91 2612 158 2676 hac
174 2612 308 2676 caelum
325 2612 459 2676 cervice
475 2608 550 2676 tuli.
599 2606 745 2673 Defessa
758 2606 910 2694 jubendo
927 2617 978 2672 est

91 2739 195 2783 saeva
206 2718 302 2804 Jovis
319 2718 490 2806 conjunx:
516 2739 582 2805 ego
599 2736 674 2780 sum
689 2713 882 2787 indefessus
899 2714 1049 2801 agendo.

91 2826 151 2890 sed
168 2847 258 2892 nova
274 2826 378 2911 pestis
396 2827 504 2900 adest,
523 2825 578 2890 cui
595 2842 660 2888 nec
675 2822 797 2886 virtute
814 2820 939 2897 resisti,
1092 2854 1142 2892 200

90 2952 155 2996 nec
171 2932 246 2996 telis
264 2932 435 3017 armisque
453 2941 573 3015 potest.
624 2928 850 2995 Pulmonibus
868 2939 958 2994 errat

90 3038 181 3125 ignis
198 3039 287 3103 edax
304 3038 394 3111 imis,
413 3058 541 3124 perque
558 3059 678 3102 omnes
694 3035 846 3123 pascitur
861 3047 966 3101 artus.

91 3155 125 3207 at
140 3146 232 3209 valet
247 3141 482 3232 Eurystheusl
509 3143 553 3207 Et
569 3155 659 3219 sunt,
677 3143 735 3231 qui
753 3141 893 3207 credere
909 3140 1042 3226 possint

91 3272 166 3315 esse
183 3250 306 3316 deos?'
353 3250 460 3325 Dixit,
479 3271 607 3335 perque
626 3251 730 3314 altum
749 3248 887 3314 saucius
903 3247 1015 3313 Oeten

91 3358 184 3422 haud
202 3358 299 3422 aliter
314 3358 480 3444 graditur,
498 3379 601 3443 quam
620 3357 647 3422 si
665 3357 836 3423 venabula
854 3366 971 3420 taurus
1091 3384 1138 3440 205

91 3484 232 3550 corpore
248 3464 318 3527 fixa
335 3475 444 3551 gerat,
464 3463 612 3550 factique
628 3463 792 3549 refugerit
808 3474 937 3527 auctor.

91 3591 194 3656 saepe
210 3570 306 3634 illum
324 3569 471 3656 gemitus
487 3570 656 3643 edentem,
676 3590 779 3654 saepe
796 3570 1012 3645 frementem,

91 3697 196 3761 saepe
212 3687 471 3761 retemptantem
487 3687 573 3740 totas
590 3675 778 3762 refringere
795 3689 919 3752 vestes,

92 3793 366 3867 sternentemque
381 3781 508 3855 trabeS,
526 3781 798 3866 irascentemque
814 3783 951 3849 videres

84 3889 274 3965 montibus,
293 3899 353 3953 aut
366 3888 478 3977 patrio
493 3887 690 3953 tendentem
705 3887 869 3954 bracchia
886 3890 996 3955 caelo.
1092 3920 1141 3961 κιο
