2490 4208
110 201 152 269 14
289 199 314 246 1.
355 179 427 248 Tae
454 179 619 248 Creatrbn
643 182 717 247 aad
736 180 793 247 the
815 179 942 247 Flood.
1019 197 1162 270 [Mareu.

107 378 281 444 intremuit
296 388 458 466 motuque
474 377 548 445 vias
564 378 724 464 patefecit
740 399 921 466 aquarum.

109 486 282 571 expatiata
292 495 401 550 ruunt
417 507 479 571 per
495 497 629 571 apertos
646 485 789 551 flumina
806 507 961 573 campos,
1110 503 1162 571 28⁵

109 613 256 679 cumque
274 592 355 656 satis
373 593 511 657 arbusta
528 592 630 657 simul
648 593 867 679 pecudesque
886 593 1044 679 virosque
1135 609 1137 613 ·

108 709 279 785 tectaque,
299 719 447 786 cumque
464 698 535 763 suis
551 701 688 785 rapiunt
704 698 891 785 penetralia
908 699 1027 764 sacris.

110 805 208 893 siqua
225 805 347 871 domus
365 805 501 880 mansit,
520 805 695 892 potuitque
712 806 867 871 resistere
884 817 978 871 tanto

109 912 279 1001 indejecta
297 912 401 990 malo,
420 912 557 977 culmen
574 924 689 977 tamen
707 912 806 977 altior
822 912 923 1000 hujus

109 1021 204 1084 unda
219 1019 316 1108 tegit,
334 1039 542 1105 pressaeque
559 1018 665 1083 latent
680 1020 743 1083 sub
760 1019 898 1107 gurgite
913 1031 1035 1085 turres.
1112 1051 1165 1106 290

150 1125 299 1213 Jamque
316 1146 410 1191 mare
426 1135 459 1191 et
474 1125 574 1190 tellus
591 1126 723 1189 nullum
741 1125 923 1190 discrimen
942 1125 1137 1191 habebant:

111 1232 227 1297 omnia
244 1243 367 1318 pontus
384 1243 457 1297 erat
467 1254 476 1307 ;
501 1232 643 1296 deerant
658 1253 796 1317 quoque
812 1231 910 1297 litora
927 1244 1044 1317 ponto.

111 1350 258 1424 occupat
273 1339 331 1404 hic
346 1338 468 1405 collem
481 1360 491 1413 ;
515 1337 641 1423 cymba
657 1336 753 1402 sedet
769 1338 854 1403 alter
871 1338 1018 1415 adunca,

111 1456 146 1511 et
160 1445 253 1511 ducit
268 1467 381 1511 remos
397 1444 481 1520 illic,
499 1443 556 1510 ubi
573 1465 684 1528 nuper
701 1455 833 1519 ararat3

112 1552 170 1618 ille
186 1573 290 1638 super
305 1562 440 1640 segetes
457 1561 514 1616 aut
530 1571 664 1615 mersae
681 1551 832 1617 culmina
848 1552 951 1617 villae
1112 1581 1164 1639 295

112 1658 273 1748 navigat3
298 1658 356 1723 hic
371 1679 505 1724 summa
523 1657 653 1743 piscem
670 1657 850 1742 deprendit
865 1657 901 1721 in
918 1656 1024 1723 ulmo.

112 1765 228 1854 figitur
244 1765 278 1831 in
295 1764 408 1841 viridi,
426 1764 454 1830 si
471 1765 541 1830 fors
556 1764 645 1840 tulit,
662 1766 814 1829 anchora
830 1775 940 1849 prato,

6 1881 8 1885 ’
35 1854 39 1861 ’
113 1883 171 1937 aut
187 1871 340 1960 subjecta
354 1882 467 1937 terunt
482 1891 608 1937 curvae
625 1869 739 1935 vineta
756 1870 906 1935 carinae.

113 1989 158 2054 et,
178 1979 278 2044 modo
294 1999 362 2065 qua
378 1978 526 2066 graciles
542 1998 687 2064 gramen
704 1997 864 2060 carpsere
880 1976 1050 2062 capellae,

112 2106 205 2150 nunc
220 2085 267 2150 ibi
284 2085 454 2150 deformes
471 2095 602 2170 ponunt
617 2104 680 2148 sua
697 2104 839 2168 corpora
856 2085 1002 2170 phocae.
1114 2115 1166 2169 300

112 2192 279 2268 mirantur
295 2192 359 2257 sub
376 2211 465 2278 aqua
481 2191 577 2256 lucos
593 2191 763 2276 urbesque
780 2190 969 2277 domosque

113 2297 303 2373 Nereides3
329 2298 501 2386 silvasque
517 2308 632 2363 tenent
648 2297 842 2383 delphines,
862 2309 895 2363 et
910 2299 987 2364 altis

112 2405 288 2470 incursant
303 2403 420 2479 ramis,
440 2403 636 2491 agitataque
653 2404 776 2470 robora
793 2405 940 2490 pulsant.

113 2522 172 2576 nat
188 2512 288 2596 lupus
306 2510 393 2575 inter
410 2531 504 2587 oves,
522 2510 634 2576 fulvos
650 2511 744 2576 vehit
759 2512 852 2577 unda
869 2513 999 2588 leones,

113 2620 206 2683 unda
222 2618 316 2682 vehit
330 2618 457 2704 tigres;
483 2638 548 2682 nec
563 2617 653 2683 vires
670 2617 822 2684 fulminis
839 2639 935 2704 apr0,
1114 2646 1166 2704 303

75 2745 79 2751 ·
114 2745 214 2790 crura
230 2744 296 2788 nec
311 2724 424 2789 ablato
441 2735 582 2810 prosunt
596 2724 730 2790 velocia
748 2746 863 2792 cervo.
1051 2721 1057 2729 ’

5 2874 33 2891 a
113 2830 344 2918 quaesitisque
360 2830 418 2896 diu
435 2831 545 2906 terris,
565 2831 622 2896 ubi
639 2831 758 2898 sistere
775 2834 885 2908 detur,

113 2940 148 3002 in
167 2959 260 3002 mare
278 2937 411 3003 lassatis
427 2937 576 3004 volucris
592 2959 685 3026 vaga
701 2939 828 3004 decidit
843 2939 918 3005 alis.

113 3046 273 3110 obruerat
288 3045 437 3110 tumulos
452 3044 622 3111 immensa
639 3046 777 3111 licentia
794 3045 902 3131 ponti,

114 3151 363 3237 pulsabantque
378 3151 457 3218 novi
477 3165 638 3218 montana
655 3153 836 3218 cacumina
850 3152 985 3217 fluctus.
1115 3183 1167 3237 310

115 3258 266 3322 maxima
283 3279 362 3344 pars
379 3259 472 3324 unda
488 3260 639 3345 rapitur3
664 3260 789 3347 quibus
805 3260 899 3325 unda
916 3257 1081 3347 pepercit,

65 3436 68 3441 .
114 3363 190 3429 illos
207 3365 312 3452 longa
329 3367 471 3432 domant
487 3366 581 3452 inopi
594 3366 727 3455 jejunia
744 3366 849 3430 victu.

160 3470 306 3557 Separat
322 3470 454 3539 Aonios
471 3473 611 3539 Oetaeis
628 3472 753 3538 Phocis
771 3473 814 3537 ab
830 3473 933 3548 arvis,

113 3588 204 3643 terra
220 3578 330 3654 ferax,
350 3581 431 3644 dum
448 3591 539 3645 terra
555 3580 637 3645 fuit:
663 3580 725 3644 sed
740 3592 894 3665 tempore
911 3580 945 3643 in
962 3579 1022 3645 illo

114 3705 195 3771 pars
213 3685 317 3751 maris
334 3696 367 3751 et
382 3687 471 3751 latus
488 3686 676 3751 subitarum
694 3707 839 3771 campus
856 3706 1033 3772 aquarum.
1114 3715 1165 3771 315

115 3814 213 3857 mons
229 3792 276 3856 ibi
293 3793 474 3857 verticibus
491 3792 573 3878 petit
589 3793 717 3857 arduus
733 3804 823 3857 astra
839 3792 984 3867 duobus,

98 3899 247 3962 nomine
261 3898 454 3976 Parnasus,
473 3910 707 3987 superantque
723 3899 903 3964 cacumina
919 3899 1038 3964 nubes.
