2490 4208
98 167 263 272 x111.'76.]
477 181 591 251 Clazin
610 184 663 270 of
675 180 786 271 Asius.
1088 198 1154 266 119

100 378 286 446 obtulimus
302 379 385 465 quia
399 401 463 446 nos
481 380 524 446 ad
540 378 651 466 prima
667 378 833 466 pericula,
851 375 981 444 simus?

149 498 159 527 ⁶
173 485 287 573 Atque
301 485 430 551 utinam
443 498 502 551 aut
513 509 615 553 verus
628 487 722 552 suror
734 485 804 562 ille,
817 496 875 550 aut
887 485 1035 550 creditus
1048 492 1150 558 esset,

100 614 168 658 nec
184 615 298 658 comes
316 592 373 658 hic
388 593 562 679 Phrygias
579 614 741 678 umquam
759 592 908 656 venisset
923 592 968 655 ad
985 611 1081 655 arces

101 700 252 765 hortator
268 698 459 764 scelerum!
485 721 553 764 non
569 710 615 775 te,
634 698 800 763 Poeantia
816 699 943 783 proles,
1117 724 1152 782 45

101 805 295 891 expositum
312 804 465 870 Lemnos
481 816 596 870 nostro
613 825 692 869 cum
708 804 851 869 crimine
866 803 1030 868 haberet:

101 914 160 1000 qui
177 933 280 989 nunc,
299 924 336 977 ut
352 922 555 986 memorant,
574 911 784 977 silvestribus
802 909 936 974 abditus
953 908 1072 985 antris,

102 1042 187 1086 saxa
205 1041 321 1085 moves
336 1018 481 1108 gemitu,
500 1016 774 1102 Laertiadaeque
791 1015 943 1101 precaris

100 1149 190 1214 quae
208 1128 342 1202 meruit,
359 1146 463 1212 quae,
481 1123 510 1190 si
527 1123 562 1188 di
579 1135 670 1199 suut,
688 1145 758 1188 non
774 1144 864 1186 vana
881 1121 1044 1207 precaris.

100 1246 136 1299 et
151 1256 242 1299 nunc
258 1233 315 1299 ille
333 1234 454 1299 eadem
471 1230 570 1296 nobis
583 1230 717 1318 juratus
734 1228 768 1293 in
785 1249 894 1304 arma,
1119 1258 1153 1315 50

100 1339 190 1405 heu!
217 1362 296 1425 pars
312 1361 381 1404 una
397 1340 538 1412 ducum,
559 1359 626 1423 quo
642 1356 840 1402 successore
855 1333 1002 1422 sagittae

102 1446 264 1512 Herculis
279 1458 431 1521 utuntur,
449 1445 577 1510 fractus
594 1444 781 1530 morboque
797 1442 956 1528 fameque

98 1553 301 1638 velaturque
317 1553 486 1639 aliturque
504 1551 637 1627 avibus,
655 1551 881 1636 volucresque
898 1548 1046 1634 petendo

99 1660 216 1725 debita
231 1659 391 1747 Trojanis
405 1668 546 1724 exercet
561 1657 695 1743 spicula
711 1657 802 1732 fatis,

98 1767 158 1832 ille
174 1778 289 1831 tamen
305 1765 400 1842 vivit,
417 1766 498 1853 quia
515 1787 584 1830 non
602 1763 775 1829 comitavit
790 1762 933 1828 Ulixen.
1118 1792 1151 1849 55

147 1884 157 1914 ‘
173 1871 297 1938 Mallet
312 1883 345 1938 et
360 1872 481 1938 infelix
497 1872 702 1936 Palamedes
717 1891 795 1935 esse
812 1870 971 1935 relictus:

98 2001 204 2066 quern
222 1980 312 2044 male
330 1979 474 2044 convicti
491 1979 634 2043 nimium
652 1998 785 2041 mernor
797 1976 863 2040 iste
880 1977 1003 2041 furoris

98 2086 246 2172 prodere
262 2108 335 2150 rem
353 2085 513 2150 Danaam
529 2085 640 2159 finxit,
658 2085 843 2168 fictumque
861 2082 1017 2167 pro-bavit

98 2193 245 2267 crimen,
263 2203 296 2256 et
311 2192 469 2266 ostendit,
488 2192 579 2278 quod
592 2191 664 2279 jam
682 2189 911 2275 praefoderat,
931 2210 1064 2254 aurum.
1116 2206 1152 2260 60

148 2297 266 2386 ‘Ergo
283 2308 341 2362 aut
356 2292 477 2363 exsilio
493 2299 583 2363 vires
600 2296 764 2363 subduxit
778 2294 938 2370 Achivis,

99 2414 162 2468 aut
177 2425 282 2469 necet
307 2404 357 2469 sic
374 2417 518 2492 pugnat,
535 2404 586 2470 sic
602 2415 653 2469 est
669 2403 873 2468 metuendus
889 2402 1024 2468 Ulixes·

99 2509 161 2596 qui
178 2509 256 2574 licet
271 2510 406 2596 eloquio
423 2511 528 2576 fidum
546 2531 680 2597 quoque
698 2509 847 2575 Nestora
864 2510 991 2585 vincat,

100 2615 197 2680 haud
212 2627 326 2680 tamen
343 2616 478 2691 efficiet,
495 2617 667 2682 desertum
685 2628 722 2682 ut
738 2617 887 2683 Nestora
905 2618 1034 2683 crimen

99 2742 178 2786 esse
194 2742 271 2786 rear
286 2723 440 2787 nullum:
464 2723 618 2809 quicum
637 2724 835 2809 imploraret
852 2725 981 2790 Ulixen
1114 2740 1149 2811 ⁶5

98 2828 242 2923 vulnere
258 2829 375 2894 tardus
392 2829 482 2915 equi,
500 2829 680 2917 fessusque
697 2831 861 2896 senilibus
879 2831 991 2906 annis,

98 2934 253 3020 proditus
270 2955 291 2999 a
306 2934 399 3000 socio
411 2946 478 3000 est.
526 2935 607 3002 Non
625 2938 712 3002 haec
730 2938 813 3002 mihi
830 2938 973 3003 crimina
989 2938 1075 3026 fingi

98 3039 165 3106 scit
180 3040 268 3105 bene
284 3040 451 3127 Tydides,
469 3042 528 3129 qui
546 3043 683 3109 nomine
701 3066 806 3130 saepe
822 3057 980 3110 vocatum

97 3146 273 3231 corripuit,
291 3147 489 3236 trepidoque
507 3150 626 3238 fugam
644 3152 864 3237 exprobravit
880 3151 1002 3216 amico·

97 3252 269 3337 aspiciunt
285 3254 393 3320 oculis
410 3257 525 3341 superi
543 3259 698 3323 mortalia
712 3259 832 3345 justis:
1117 3287 1151 3341 70

96 3382 143 3424 en
160 3371 240 3446 eget
255 3360 396 3438 auxilio,
415 3365 474 3451 qui
490 3387 560 3431 non
575 3365 672 3440 tulit3
697 3377 799 3451 utque
815 3364 962 3450 reliquit,

95 3466 149 3532 sic
164 3465 370 3552 linquendus
385 3481 480 3536 erat:
506 3472 621 3558 legem
638 3471 701 3536 sibi
719 3472 852 3535 dixerat
867 3471 953 3556 ipse.

146 3571 375 3641 ‘Conclamat
392 3577 516 3642 socios.
564 3574 700 3642 Adsum
714 3600 722 3652 ;
747 3576 914 3662 videoque
931 3585 1131 3640 trementem

93 3678 353 3770 pallentemque
371 3695 463 3747 metu
479 3693 513 3747 et
527 3683 753 3767 trepidantem
770 3694 877 3747 morte
895 3682 1018 3746 futuru.

91 3788 242 3874 opposui
261 3788 387 3853 molem
405 3788 520 3873 clipei,
537 3788 676 3874 texique
689 3789 876 3876 jacentem,
1116 3815 1153 3871 Ἲς

90 3893 301 3979 servavique
316 3893 466 3959 animem
483 3892 685 3983 (minimum
700 3906 752 3964 est
767 3896 839 3964 hoc
852 3895 994 3981 laudis)
1005 3893 1176 3958 inertem.
