2490 4208
71 173 233 246 V1.2r3‚]
280 155 352 224 Sne
375 157 486 223 boasts
508 156 649 242 herself
662 156 769 222 above
790 155 945 224 Latona.
1083 153 1125 220 61
1187 210 1189 214 Α

72 351 110 417 in
126 374 378 440 quamcumque
395 354 516 420 domus
533 352 663 419 adverti
679 353 810 418 lumina
826 363 980 437 parterm
1078 369 1127 421 180
1205 439 1208 444 .

72 459 264 532 immensae
280 471 476 546 spectantur
491 482 587 545 opes.
618 458 783 525 Accedit
799 459 921 524 eodem

73 565 182 652 digna
198 567 263 630 dea
278 566 399 634 iacies..
444 565 523 631 Huc
540 577 637 630 natas
654 565 752 629 adice
770 576 901 648 septem

73 681 110 735 et
124 671 261 737 totidem
274 671 432 760 juvenes,
451 684 484 737 et
499 679 580 736 inox
597 691 813 759 generosque
830 692 1017 758 nurusque.

73 777 227 864 quaerite
239 787 346 854 nunc,
365 780 490 845 habeat
505 799 609 864 quam
626 778 917 861 nostrasuperbia
935 778 1098 843 causam!
1211 816 1213 825 =

73 883 191 948 nescio
207 906 343 971 quoque
359 886 483 950 audete
501 895 610 949 satam
627 882 790 948 Titanida
808 882 912 949 Coeo.
1075 905 1124 970 185

73 988 245 1055 Latonam
263 991 439 1076 praeferre⁴
452 989 546 1064 mihi,
563 989 617 1054 cui
634 989 786 1055 maxima
802 991 977 1077 quondam
998 995 1001 1000 ’

73 1096 238 1184 exiguam
256 1097 372 1163 sedem
390 1097 560 1182 pariturae
577 1106 666 1160 terra
684 1097 836 1183 negavit.

73 1223 140 1266 nec
156 1203 266 1279 caelo,
280 1223 346 1271 nec
362 1205 481 1278 humo,
495 1201 682 1295 nec'aquis
692 1203 756 1267 dea
769 1215 881 1268 vestra
898 1214 1034 1288 recepta
1051 1215 1101 1268 est
1113 1225 1131 1277 3,

73 1309 181 1383 exsul*
190 1320 268 1383 erat.
277 1309 410 1384 mundi,
429 1309 716 1377 donecmiserata
731 1321 930 1397 vagantem,
999 1355 1001 1359 ·

70 1414 229 1501 Hospita
245 1423 282 1481 tu
298 1416 404 1480 terris
421 1424 534 1490 erras,
553 1435 616 1500 ego
636 1413 757 1503 (dixit)
777 1417 814 1479 ia
831 1417 952 1494 andin·
998 1445 1000 1450 ·
1077 1446 1132 1503 190·

72 1522 337 1608 instabilemque
354 1520 594 1588 locum-Delos
610 1522 721 1587 dedit..
763 1521 827 1587 Illa
844 1524 988 1588 duorum
1103 1563 1106 1569 ·

72 1627 166 1692 sacta
182 1648 307 1713 parens
320 1649 328 1690 ε
343 1627 439 1693 uteri
457 1628 641 1712 parshaec
657 1639 709 1693 est
723 1629 868 1712 septima
885 1628 1002 1693 nostri.

121 1733 230 1800 ‘Sum
247 1734 350 1806 felix:
367 1734 446 1820 quis
456 1733 551 1799 enim¹
564 1745 668 1821 neget
684 1732 772 1799 hoc?
788 1735 939 1820 felixque
957 1735 1124 1798 manebo:

70 1842 141 1906 -hoc
156 1862 293 1927 quoque
309 1841 386 1926 quis
402 1839 553 1909 dubitet?
576 1852 683 1907 tutam
700 1863 755 1905 me
773 1840 979 1925 copiasecit.

72 1946 184 2035 major
200 1968 290 2021 sum,
308 1967 413 2032 quam
428 1946 483 2010 cui
501 1948 608 2032 pos'sit
619 1947 774 2012 Fortuna
790 1967 936 2011 nocere:
1007 2026 1009 2030 ι
1058 2000 1061 2005 .
1078 1954 1133 2032 195'

72 2053 249 2138 multaque
265 2062 306 2117 ut·
317 2051 451 2137 eripiat,
468 2053 575 2125 multo
592 2052 677 2143 inihi
691 2053 791 2137 plura
807 2053 987 2138 relinquet.
1056 2111 1060 2115 .

72 2169 400 2233 excesseremeturn
417 2179 495 2239 mea
507 2158 699 2246 jamtbona.
744 2157 886 2248 Fingite
899 2158 1010 2224 demi.
1102 2206 1104 2211 .

71 2265 156 2330 huic
172 2263 444 2351 aliquidpopulo
460 2276 617 2333 natorum
634 2286 734 2350 posse
752 2286 927 2329 meorum:

71 2394 143 2437 non
160 2383 275 2436 tamen
294 2372 534 2445 adnumerum
551 2371 691 2458 redigar
706 2371 851 2456 spoliata
868 2371 1028 2448 duorum,

70 2479 231 2545 Latonae
246 2479 385 2549 turbam
394 2501 410 2541 :1
430 2499 519 2564 quae
530 2488 702 2565 'quantum
718 2477 879 2543 distatab
895 2477 1001 2543 orba?
1050 2509 1051 2512 ¹
1074 2509 1125 2548 200

70 2587 130 2664 ite,
150 2586 490 2674 satisquesuperque
504 2583 606 2660 sacri,
621 2584 829 2669 laurumque
846 2583 985 2668 capillis
1006 2626 1009 2637 ι
1037 2569 1041 2577 ’
1101 2622 1138 2639 ..,

71 2693 214 2783 ponite!
260 2693 460 2778 Deponunt,
477 2690 1025 2776 infectaque-sacrarelinquunt.
1050 2724 1054 2728 ·
1132 2714 1137 2756 ;

70 2801 234 2889 quodque
250 2797 463 2880 licet,'tacito
477 2808 684 2869 venerantur
701 2817 875 2867 murmure
892 2817 1032 2859 numen.
1046 2843 1049 2865 J
1075 2852 1079 2859 .
1135 2841 1138 2863 1

117 2906 305 2995 Indignata
318 2906 389 2979 dea·
402 2916 474 2979 esta
492 2921 701 2988 ‘summoque
717 2901 753 2967 in
769 2901 896 2967 vertice
912 2899 1042 2988 Cynthi

69 3014 198 3081 talibus
214 3023 265 3078 est
280 3010 380 3081 dictis
396 3011 540 3099 gemina
552 3019 632 3075 cum
650 3009 744 3093 prole
761 3009 896 3103 locuta:
933 3047 937 3071 ι
1048 3037 1124 3092 -203

73 3120 152 3201 ‘En
169 3140 236 3207 ego
252 3129 367 3183 vestra
383 3132 520 3202 parens,
539 3117 637 3183 vobis
653 3115 809 3183 animosa
826 3113 962 3197 creatis,
1019 3117 1022 3123 ’

72 3238 118 3301 et,
137 3225 204 3290 nisi
217 3224 359 3310 Junouii
373 3223 462 3295 nulli
476 3245 618 3294 ,cessura
636 3222 793 3296 dearum,
821 3258 825 3264 ·

73 3355 117 3398 an
135 3333 203 3397 dea
219 3331 297 3406 sim,
315 3329 471 3406 dubitor3
489 3340 624 3416 1perque
641 3328 757 3394 omnia
774 3327 914 3393 saecula
930 3325 1031 3391 cultis
1116 3354 1119 3360 ·
1137 3361 1139 3366 .

74 3460 206 3514 arceor,
226 3436 259 3502 Ο
274 3436 359 3512 uati,
376 3435 522 3503 uisi-vos.
536 3435 745 3510 succurritis,
765 3434 844 3499 aris.
864 3446 868 3451 '
891 3484 894 3489 .
917 3464 940 3497 ·.

72 3566 139 3611 nec
155 3544 253 3609 dolor
269 3543 326 3615 hic
342 3542 456 3615 solus:
479 3541 557 3613 diro
571 3540 833 3606 convicia'facto
874 3596 877 3601 .
911 3596 913 3601 .
963 3576 978 3584 ..
1014 3577 1028 3584 ‹·
1076 3569 1127 3605 210

72 3649 234 3739 Tantalis
250 3647 387 3736 adjecit,
405 3668 540 3732 vosque
552 3657 603 3715 est
617 3645 929 3731 ,postponerejnatis
1006 3679 1008 3682 v
1044 3709 1047 3713 .

75 3777 162 3822 ausa
177 3756 261 3832 suis,
278 3765 316 3827 et·
329 3775 397 3830 me,
416 3753 508 3838 quod
523 3752 559 3831 in
568 3752 686 3837 ipsam
704 3753 845 3826 recidat,
864 3753 998 3819 orbam.
1033 3762 1050 3819 ³.
1091 3789 1093 3793 ν

76 3862 175 3953 dixit,
193 3871 227 3927 et
241 3845 565 3946 exhibuitsslinguam
583 3858 755 3933 scelerata
771 3857 981 3949 paternam?
1059 3890 1063 3897 ·
1087 3901 1089 3905 ·
