2490 4208
93 205 139 273 40
404 184 580 273 Pyramus
603 186 677 251 and
704 185 839 252 Thisbe.
1003 201 1147 272 [Mareu.

95 382 261 446 audacem
278 382 426 448 faciebat
441 405 546 448 amor.
593 382 698 448 Venit
714 404 796 449 ecce
812 382 941 448 recenti

94 490 200 553 caede
217 490 339 553 leaena
355 490 458 554 boum
476 502 674 574 spuma-ntes
691 489 795 577 oblita
812 491 929 564 rictus,

94 595 288 680 depositura
306 595 393 661 sitim
410 578 513 683 vicini
531 596 633 660 fontis
648 596 683 658 in
699 596 805 660 unda.

93 682 197 787 quam
214 703 332 786 procul
350 703 393 766 ad
410 703 512 766 lunae
528 702 643 766 radios
659 701 854 787 Babylonia
869 702 1002 770 Thisbe

94 807 187 883 vidit,
207 820 239 872 et
255 809 437 873 obscurum
453 809 586 893 trepido
604 809 691 893 pede
708 808 797 895 sugit
813 809 848 872 in
866 823 1013 888 antrum,
1095 832 1145 883 ιω

93 915 242 1000 dumque
259 915 358 1001 fugit,
376 926 473 1001 tergo
490 915 663 984 velamina
679 915 778 1000 lapsa
794 917 939 1002 reliquit.

92 1033 129 1085 ut
144 1021 198 1084 lea
216 1042 319 1085 saeva
336 1020 426 1086 sitim
444 1021 550 1085 multa
566 1022 778 1105 compescuit
793 1024 899 1098 unda,

92 1128 174 1191 dum
191 1129 278 1192 redit
294 1128 328 1191 in
346 1128 462 1202 silvas,
481 1128 637 1219 invgntos
655 1128 739 1193 forte
756 1131 830 1195 sine
847 1131 923 1215 ips'ai

91 1256 150 1299 ore
166 1246 343 1299 cruentato
358 1246 479 1298 tenues
495 1234 637 1300 laniavit
654 1228 831 1334 amictus}

137 1339 255 1406 Serius
272 1358 447 1427 egressus,
465 1340 611 1428 vestigia
628 1341 712 1406 vidit
727 1342 763 1405 in
780 1343 847 1408 alto
1096 1375 1143 1432 105

92 1447 232 1531 pulvere
249 1458 341 1511 certa
354 1447 460 1522 serae,
478 1457 615 1534 totoque
632 1449 797 1533 expalluit
812 1470 872 1515 ore

92 1552 272 1639 Pyramus.
318 1552 1104 1645 Ut·vero·vestem-quoquesanguine-tinctam
1140 1577 1145 1585 ·

90 1661 251 1745 repperit,
266 1670 281 1724 >⁶
295 1658 376 1725 Una
392 1659 497 1725 duos’
513 1661 622 1747 inquit
632 1673 646 1703 ·‘
662 1684 731 1727 nox
746 1663 866 1747 perdet
883 1677 1058 1729 amantes:

90 1787 110 1831 e
126 1766 250 1852 quibus
265 1766 325 1830 illa
340 1765 403 1831 suit
418 1768 524 1855 longa
540 1768 743 1855 dignissima
757 1750 840 1846 uita,

91 1885 206 1936 nostra
222 1892 350 1938 nocens
367 1873 482 1937 anima
499 1885 570 1938 est:
594 1897 661 1961 ego
677 1887 722 1951 te,
741 1876 948 1953 miseranda,
967 1878 1110 1962 peremi,

91 1980 126 2043 in
143 1981 219 2045 loca
237 1980 342 2064 plena
357 1992 467 2063 metps
483 1982 540 2068 qui
555 1981 641 2069 jussi
658 1994 757 2047 nocte
773 1984 921 2069 ven-irco,
964 2012 967 2017 ·

92 2107 155 2150 nec
172 2085 265 2171 prior
282 2088 350 2151 huc
364 2087 468 2174 veni..
491 2087 668 2152 -Nostrum
687 2088 837 2154 divellite
852 2110 989 2175 corpu&

90 2205 123 2257 et
140 2193 305 2258 scelerata
323 2194 395 2258 sero
411 2194 600 2259 consumite
616 2194 749 2260 viscera
767 2216 894 2281 morsu,
939 2226 943 2249 =
1051 2244 1054 2249 -
1112 2242 1117 2249 -

90 2299 123 2365 Ο
139 2301 346 2387 quicumque
356 2301 426 2369 ,sub
442 2301 509 2366 hac
525 2301 799 2386 habitatisrupe',
817 2302 966 2369 leones.-

47 2410 51 2415 '
89 2406 150 2471 sed
167 2406 274 2496 timidi
293 2417 343 2473 est
358 2418 477 2492 optare
494 2407 638 2471 necem!
647 2406 878 2473 —Velamina
893 2409 1044 2476 Thisbes
1093 2442 1140 2498 115

88 2514 186 2589 tollit,
205 2525 238 2578 et
255 2513 298 2577 ad
316 2525 438 2601 pactae
455 2534 573 2597 secum
589 2513 654 2578 sert
671 2514 800 2579 arboris
812 2516 988 2579 umbram.

88 2634 191 2709 utque
209 2622 302 2686 dedit
318 2632 419 2685 notae
436 2620 608 2695 lacrimas,
627 2620 721 2685 dedit
736 2623 854 2686 oscula
869 2622 968 2697 vesti,

89 2728 240 2814 ‘Accipe
253 2728 360 2793 nunc’
370 2727 479 2814 inquit
490 2737 499 2766 ⁶
510 2726 614 2791 nostri
626 2748 761 2814 quoque
772 2728 950 2815 sanguinis
961 2729 1103 2796 haustus
1116 2730 1151 2795 1‘·

86 2857 222 2923 quoque
239 2847 312 2901 erat
327 2835 515 2906 accinctus
533 2832 668 2897 demisit
682 2833 719 2897 in
735 2833 793 2899 ilia
810 2834 958 2909 ferrum;

86 2963 152 3009 nec
169 2964 277 3029 mora,
295 2943 439 3035 serpenti
456 2940 607 3007 moriens
623 2952 642 3005 'e
659 2941 799 3005 vulnere
815 2941 930 3006 traxit.
1090 2976 1141 3014 120

31 3048 179 3117 V‘Ut
190 3049 298 3136 jacuit
314 3049 495 3134 resupinus
513 3049 631 3123 humo,
651 3067 752 3111 cruor
766 3047 891 3112 emicat
907 3049 995 3113 alte:
1036 3074 1039 3079 ·

86 3176 152 3219 non
172 3156 282 3232 aliter,
300 3177 404 3241 quam
421 3176 499 3219 cum
516 3155 633 3219 vitiato
649 3154 762 3218 fistula
779 3138 919 3238 plumbo

86 3261 263 3338 scinditur,
281 3275 314 3327 et
329 3262 422 3326 tenui
439 3262 601 3326 stridente
619 3260 934 3347 foraminelongas'
1004 3310 1007 3315 -
1044 3292 1048 3299 ·

86 3368 274 3456 ejaculatur
291 3390 410 3455 aquas,
430 3380 530 3454 atque
547 3367 668 3432 ictibus
679 3373 766 3433 aera
783 3368 921 3452 rumpit.

87 3475 217 3539 arborei
235 3476 322 3559 se-tps
340 3474 523 3561 aspergine
539 3475 655 3540 caedis
671 3474 707 3539 in
722 3480 836 3539 atram
1088 3507 1136 3563 125

85 3594 260 3645 vertuntur
276 3582 411 3656 faciem,
431 3581 692 3667 madefactaque
703 3582 879 3668 sanguine
896 3582 997 3648 radix
1083 3632 1087 3637 -

86 3689 231 3772 puniceo
248 3687 372 3773 tinguit
387 3687 570 3771 pendentia
588 3708 682 3751 mora
696 3689 824 3752 colore.

127 3793 223 3857 Ecce
240 3806 332 3857 metu
348 3795 501 3857 nondum
517 3793 639 3878 posito,
659 3816 701 3857 ne
718 3794 815 3858 sallat
830 3796 1018 3873 amantem,
1064 3818 1114 3853 ·.··

55 3892 122 3958 illa
137 3899 245 3973 redit,
256 3899 505 3990 juvenemque
523 3900 634 3967 oeulis
652 3899 1026 3988 animoquereqiiitit,.³.
1058 3922 1159 3983 ‚cri-q
