2490 4208
106 214 171 261 120
320 194 475 301 Rabalry
499 197 546 282 of
559 191 658 283 Ashur
681 193 755 258 arrd
782 193 930 281 Ulysses.
1010 210 1159 283 [Mareu

104 392 132 458 si
149 401 281 478 perstas
297 403 441 468 certare,
459 393 573 457 locum
590 391 772 455 redeamus
788 390 823 454 in
839 390 959 455 illum:

103 498 209 562 redde
226 498 371 573 hostem,
389 499 582 582 vulnusque
598 508 707 573 tuum,
728 496 930 582 solitumque
947 495 1124 573 timorem,

103 615 180 690 post
196 604 411 689 clipeumque
429 604 509 679 late,
527 614 561 668 et
577 623 712 667 mecum
730 603 897 667 contende
914 602 977 668 sub
995 602 1067 667 illo.

104 721 139 774 at
154 721 335 795 postquam
350 709 472 794 eripui,
491 709 545 774 cui
563 708 675 772 standi
690 708 833 772 vulnera
849 708 939 772 vires
1126 727 1162 779 80

104 838 173 880 non
190 816 366 890 dederant,
385 816 479 879 nullo
495 814 647 879 tardatus
664 814 805 877 vulnere
821 813 921 900 sugit.

152 932 160 962 ‘
177 921 307 986 Hector
323 922 431 996 adest,
450 940 635 1005 secumque
651 920 734 984 deos
751 919 786 982 in
802 919 933 1004 proelia
950 919 1065 986 ducite

104 1049 240 1114 quaque
257 1027 336 1102 ruit,
355 1049 423 1092 non
440 1038 476 1090 tu
492 1037 624 1090 tantum
640 1024 789 1107 terreris,
808 1025 926 1103 Ulixe,
1016 1100 1020 1106 ,

105 1135 166 1200 sed
182 1135 284 1199 fortes
301 1135 416 1209 etiam,
434 1144 565 1197 tantum
582 1131 684 1196 trahit
700 1132 756 1196 ille
773 1131 914 1198 timoris.

105 1242 198 1306 hunc
214 1262 280 1327 ego
298 1239 509 1327 sanguineae
527 1259 690 1304 successu
706 1240 821 1304 caedis
838 1251 997 1306 ovantem
1125 1261 1159 1330 35

105 1347 259 1412 cominus
276 1346 406 1434 ingenti
424 1345 622 1431 resupinum
640 1347 791 1431 pondere
808 1347 900 1423 sudi;

105 1455 197 1518 hunc
215 1475 280 1541 ego
297 1464 507 1538 poscentem,
526 1473 604 1517 cum
622 1474 690 1539 quo
707 1466 935 1531 concurreret,
953 1477 1044 1522 unus

105 1560 260 1636 sustinui,
279 1571 472 1647 sortemque
489 1580 602 1624 meam
617 1560 768 1636 vovistis,
787 1558 926 1638 Achivi,

105 1678 138 1733 et
152 1679 285 1732 vestrae
301 1667 440 1731 valuere
456 1687 589 1752 preces.
637 1665 678 1732 si
692 1668 855 1754 quaeritis
872 1669 973 1758 hujus

104 1774 274 1840 fortunam
291 1794 444 1860 pugnae,
463 1794 530 1837 non
548 1794 625 1838 sum
641 1784 822 1859 superatus
839 1775 882 1842 ab
898 1776 969 1842 illo.
1122 1811 1159 1866 90

104 1902 185 1946 ecce
202 1881 314 1946 serunt
328 1880 438 1945 Troes
455 1880 648 1966 ferrumque
665 1880 852 1967 ignemque
864 1882 1053 1969 Jovemque

104 1986 140 2052 in
157 1987 298 2052 Danaas
315 1987 464 2052 classes:
488 1987 546 2055 ubi
564 2009 656 2052 nunc
673 1987 842 2053 facundus
859 1987 1004 2054 Ulixes?

105 2117 229 2180 nempe
246 2116 312 2181 ego
330 2093 422 2158 mille
439 2115 517 2158 meo
533 2093 664 2178 protexi
681 2105 819 2179 pectore
835 2116 983 2181 puppes,

106 2224 201 2289 spem
218 2201 320 2267 vestri
337 2201 475 2266 reditus.
526 2200 614 2265 Date
630 2211 678 2265 tot
693 2223 756 2286 pro
772 2201 917 2266 navibus
934 2223 1040 2268 arma.

152 2319 160 2349 ⁶
178 2307 281 2395 Quod
298 2306 327 2372 si
343 2328 425 2372 vera
442 2307 521 2372 licet
537 2307 620 2371 mihi
637 2308 764 2383 dicere,
783 2308 956 2394 quaeritur
970 2308 1054 2385 istis,
1121 2343 1156 2398 95

104 2437 210 2503 quam
233 2414 329 2491 mihi,
348 2413 458 2502 major
481 2414 602 2505 honos,
629 2414 880 2502 conjunctaque
903 2414 1014 2503 gloria
1037 2428 1157 2482 nostra

240 2533 311 2587 est:

106 2640 206 2716 atque
223 2627 317 2717 Ajax
333 2626 449 2703 armis,
468 2649 538 2692 non
553 2625 655 2692 Aiaci
673 2649 768 2692 arma
785 2638 955 2713 petuntur.

106 2737 258 2802 conserat
274 2736 326 2800 his
344 2735 481 2800 Ithacus
498 2734 669 2811 Rhesum,
688 2736 929 2821 imbellemque
946 2734 1099 2811 Dolona,

105 2842 371 2929 Priamidenque
390 2843 562 2907 Helenum
579 2854 677 2927 rapta
693 2864 772 2907 cum
789 2841 933 2908 Pallade
949 2854 1103 2927 captum.

105 2951 182 3017 luce
199 2950 284 3015 nihil
301 2961 449 3037 gestum,
468 2949 553 3013 nihil
569 2960 620 3013 est
637 2948 805 3014 Diomede
822 2958 964 3014 remoto.
1107 2982 1161 3022 100

106 3057 134 3123 si
151 3058 258 3122 semel
275 3057 339 3121 ista
355 3057 442 3121 datis
460 3055 586 3119 meritis
603 3066 672 3119 tam
689 3055 811 3120 vilibus
828 3076 936 3132 arma,

106 3164 258 3238 dividite,
277 3174 310 3228 et
325 3184 404 3248 pars
421 3162 462 3226 sit
478 3161 587 3248 major
603 3161 780 3226 Diomedis
796 3162 832 3225 in
848 3162 928 3227 illis.

107 3291 173 3355 quo
189 3281 304 3333 tamen
322 3271 409 3333 haec
426 3267 566 3333 Ithaco?
590 3269 647 3353 qui
665 3269 768 3344 clam,
786 3269 844 3355 qui
861 3291 998 3355 semper
1013 3270 1160 3339 inermis

106 3399 178 3441 rem
195 3377 294 3463 gerit,
314 3385 347 3439 et
363 3374 458 3439 surtis
474 3375 648 3439 incautum
666 3375 791 3461 decipit
808 3376 963 3442 hostem?

106 3482 179 3568 ipse
197 3483 284 3546 nitor
300 3482 422 3567 galeae
440 3482 532 3546 claro
549 3482 712 3547 radiantis
730 3484 773 3548 ab
790 3504 873 3550 auro
1108 3519 1160 3574 105

106 3588 247 3652 insidias
264 3588 396 3673 prodet,
415 3587 712 3674 manifestabitque
728 3590 902 3654 latentem.

153 3704 161 3734 ‘
178 3693 249 3758 Sed
266 3714 377 3778 neque
395 3692 575 3758 Dulichius
592 3695 656 3758 sub
673 3692 821 3760 Achillis
837 3696 972 3763 casside
988 3708 1112 3765 vertex

106 3800 259 3884 pondera
275 3805 368 3861 tanta
381 3798 477 3876 feret,
489 3819 554 3864 nec
566 3821 635 3865 non
645 3821 790 3866 onerosa
807 3803 992 3891 gravisque

89 3903 213 3972 Pelias
227 3906 330 3973 hasta
345 3916 461 3996 potest
476 3905 674 3974 imbellibus
688 3927 767 3974 esse
778 3907 931 3986 lacertis,
