2490 4208
91 192 275 265 V111.676.]
357 175 392 243 T
385 175 464 242 heir
486 122 639 241 Idumble
661 172 894 262 Hospz’talr'ty.

92 394 163 460 quo
180 373 400 461 superinjecit
416 383 544 437 textum
561 372 646 436 rude
663 370 782 436 sedula
799 369 939 445 Baucis,

92 480 175 545 inde
192 480 269 545 foco
284 480 437 564 tepidum
455 479 605 543 cinerem
623 477 776 552 dimovit,
796 487 828 542 et
844 465 957 564 ignes

93 585 236 652 suscitat
251 588 441 662 hesternos,
460 586 618 672 foliisque
635 595 667 648 et
684 584 808 649 cortice
826 583 917 648 sicco

93 696 211 770 nutrit,
230 696 321 761 etad
337 694 496 759 flammas
513 694 628 758 anima
645 693 801 778 producit
817 693 912 768 anili,

94 803 349 889 multifidasque
365 801 460 866 faces
476 800 689 886 ramaliaque
706 799 802 863 arida
819 809 908 864 tecto

94 909 228 983 detulit,
246 918 280 974 et
295 908 428 983 minuit,
446 893 621 992 parvoque
638 905 788 969 admovit
804 909 904 970 aeno.

95 1015 256 1102 quodque
272 1036 353 1080 suus
370 1013 520 1100 conjunx
537 1013 637 1098 riguo
654 1011 840 1097 collegerat
856 1012 966 1087 hort0,

95 1130 234 1184 truncat
248 1121 323 1185 olus
339 1120 441 1185 foliis.
490 1119 604 1184 Furca
620 1119 711 1182 levat
726 1117 783 1181 ille
800 1117 931 1182 bicorni

96 1226 238 1292 sordida
253 1238 351 1313 terga
368 1228 438 1291 suis
454 1226 554 1313 nigro
571 1225 756 1310 pendentia
774 1224 891 1311 tigno;

98 1345 301 1419 servatoque
318 1333 376 1408 diu
393 1343 525 1433 resecat
541 1332 584 1397 de
601 1342 737 1416 tergore
755 1341 886 1415 partem

97 1435 276 1522 exiguam,
294 1445 491 1522 sectamque
507 1435 624 1500 domat
639 1433 848 1497 ferventibus
865 1432 979 1499 undis.

116 1541 279 1641 ilnterea
297 1541 429 1606 medias
445 1542 566 1605 fallunt
583 1539 798 1604 sermonibus
815 1540 931 1613 horas,

98 1642 365 1735 'concutiuntque
381 1658 492 1713 torum
510 1648 553 1712 de
570 1647 664 1712 molli
681 1645 832 1731 fluminis
848 1646 930 1710 ulva
973 1688 976 1695 -

96 1755 296 1840 impositum
313 1755 414 1829 lectu,
432 1754 565 1839 sponda
581 1736 795 1840 pedibusque
812 1752 968 1840 salignis.

74 1846 78 1851 ¹
96 1862 251 1926 vestibus
267 1862 360 1926 hunc
376 1862 504 1937 velant,
522 1881 609 1947 quas
626 1883 694 1926 non
712 1859 776 1925 nisi
793 1871 946 1945 tempore
964 1860 1050 1926 festo

98 1978 250 2032 sternere
267 1978 493 2057 cqnsuerant3
519 1968 579 2032 sed
597 1974 629 2032 et
646 1969 732 2032 haec
749 1967 894 2053 vilisque
910 1979 1075 2053 vetusque

97 2074 201 2164 vestis
218 2078 302 2151 erat,
321 2075 408 2139 lecto
425 2095 493 2139 non
510 2073 725 2160 indignanda
741 2075 889 2160 saligno.

142 2179 349 2246 Accubuere
366 2181 434 2245 dei.
483 2179 644 2251 Mensam
662 2181 836 2246 succincta
852 2192 1070 2267 tremensque
1098 2182 1152 2251 666

98 2287 195 2373 ponit
210 2307 319 2353 anus:
344 2307 484 2352 mensae
500 2288 561 2352 sed
578 2299 652 2353 erat
667 2308 728 2372 pes
744 2287 861 2352 tertius
877 2287 1010 2372 impar:

97 2404 184 2460 testa
200 2414 319 2478 parem
335 2394 426 2458 fecit.
477 2391 578 2477 Quae
596 2406 776 2480 postquam
794 2394 928 2459 subdita
944 2392 1072 2457 clivum

99 2500 247 2575 sustulit,
267 2511 448 2586 aequatam
466 2513 601 2565 mentae
618 2511 744 2565 tersere
761 2500 923 2565 virentes.
989 2584 992 2589 Ι

98 2607 236 2692 ponitur
252 2606 308 2671 hic
323 2607 453 2672 bicolor
469 2607 624 2675 sincerae
640 2608 728 2672 baca
744 2605 947 2679 Minervae3

99 2712 304 2799 conditaque
320 2712 356 2776 in
372 2712 502 2798 liquida
519 2734 624 2779 corna
642 2713 852 2778 autumnalia
870 2713 988 2787 saece3
1098 2726 1150 2797 665

99 2819 287 2905 intibaque,
305 2828 338 2883 et
353 2819 466 2893 radix,
485 2831 519 2885 et
534 2820 631 2886 lactis
648 2840 761 2884 massa
779 2819 901 2894 coacti,

98 2945 232 3012 ovaque
250 2945 318 2990 non
335 2925 406 2990 acri
422 2927 542 2991 leviter
557 2938 692 2992 versata
708 2927 839 3000 favilla,
849 2963 895 2974 -

98 3032 215 3099 omnia
231 3031 403 3097 fictilibus.
452 3031 534 3098 Post
550 3033 636 3096 haec
652 3034 805 3098 caelatus
822 3033 943 3097 eodem

99 3138 227 3204 sistitur
243 3149 385 3223 argento
403 3149 526 3215 crater,
544 3139 776 3225 fabricataque
793 3139 876 3224 sago

99 3245 237 3332 pocula,
255 3265 323 3331 qua
339 3265 427 3310 cava
443 3256 532 3320 sunt,
552 3245 755 3310 flaventibus
771 3245 856 3309 illita
873 3244 972 3309 ceris.
1098 3258 1151 3326 670

143 3350 258 3416 Parva
274 3372 371 3417 mora
387 3363 450 3426 est,
470 3353 657 3437 epulasque
672 3351 739 3417 foci
758 3351 880 3415 misere
897 3351 1063 3424 calentes,

99 3480 164 3523 nec
180 3458 307 3546 longae
324 3479 442 3522 rursus
458 3457 651 3521 reseruntur
665 3457 747 3522 vina
763 3468 936 3529 senectae,

99 3566 250 3652 dantque
265 3565 380 3631 locum
398 3564 526 3629 mensis
543 3564 682 3649 paulum
701 3564 841 3628 seducta
858 3560 1031 3626 secundis.

99 3673 156 3738 hic
170 3693 257 3747 nux,
276 3671 332 3736 hic
349 3663 524 3735 mixta'est
539 3671 675 3757 rugosis
692 3670 806 3734 carica
822 3668 960 3752 palmis,

90 3787 345 3865 prunaqueffet
359 3776 395 3840 in
412 3776 536 3861 patulis
553 3775 741 3840 redolentia
757 3775 850 3838 mala
865 3760 1051 3847 canistris,
1098 3790 1150 3858 675

99 3886 193 3954 etde
207 3882 389 3972 purpureis
406 3883 569 3949 collectae
586 3883 712 3951 vitibus
727 3903 833 3950 uvae.
