2490 4208
869 39 883 75 ,
975 50 978 57 ,

117 176 252 251 11.176.]
279 158 352 226 The
374 157 495 226 Steeds
518 159 603 225 dash
615 159 792 246 sarward
813 109 1097 253 onitqefiGo'urse.
1122 175 1165 243 23

15 408 18 413 ,
116 357 258 423 humida
274 378 345 422 nox
360 357 490 444 tetigit3
516 367 652 422 nonest
669 378 763 422 mora
780 356 887 422 libera
904 355 1014 421 nobis,

13 492 16 497 ·
73 528 78 537 ,
115 465 309 549 poscimur:
335 462 478 548 effulget
493 465 642 528 tenebris
660 484 782 528 aurora
800 462 938 549 fugatis.

116 550 248 656 corripe
264 572 337 635 lora
354 591 479 655 numm
504 571 573 645 vel,
592 570 619 635 si
636 571 799 650 mutabile
815 582 935 655 pectus
1118 599 1166 654 145

116 678 254 754 esttibi,
273 677 437 765 consiliis,
455 698 525 741 non
542 677 697 741 curribus
714 688 808 740 utere
826 676 962 752 nostris

116 785 198 849 dum
215 796 323 869 potes,
342 794 375 848 et
391 783 508 848 solidis
525 783 628 847 etiam
645 804 737 847 nunc
753 783 891 847 sedibus
909 783 1035 858 adstas,

116 892 265 978 dumque
283 892 521 975 maleoptatos
538 891 690 954 nondum
707 890 835 974 premis
851 889 978 954 inscius
995 911 1090 955 axes

43 1018 46 1023 ’
115 1020 160 1085 qu
220 1009 311 1062 tutus
327 1008 473 1082 specteS,
492 996 566 1061 sine
583 1017 638 1061 me
654 997 737 1061 dare
753 996 1021 1061 lumina-terris!

73 1019 319 1239 sticcupat
334 1105 392 1170 ille
408 1105 518 1169 levem
532 1103 675 1191 juvenili
693 1124 835 1187 corpore
853 1124 1003 1177 currum,
1117 1132 1166 1188 150

115 1222 247 1298 statque
264 1233 378 1297 super,
397 1210 621 1296 manibusque
640 1210 738 1274 datas
756 1209 955 1296 contingere
973 1210 1127 1275 habenas

115 1320 255 1405 gaudet,
274 1330 308 1383 et
323 1318 428 1382 invito
445 1328 559 1404 grates
578 1317 649 1403 agit
665 1316 745 1399 inde
763 1317 907 1400 parenti.

114 1425 246 1490 interea
261 1427 418 1490 volucres
435 1424 557 1511 Pyrois
574 1423 667 1488 Eous
684 1433 717 1487 et
731 1420 885 1497 Aethon,

114 1532 195 1597 solis
212 1531 304 1617 equi,
321 1542 528 1617 quartusque
544 1529 716 1616 Phlegon,
735 1529 922 1593 hinnitibus
941 1550 1042 1595 auras

113 1637 325 1702 flammiferis
342 1638 496 1722 implent,
515 1638 727 1723 pedibusque
744 1636 913 1722 repagula
931 1630 1080 1720 pulsant.
1115 1664 1163 1722 155

113 1765 203 1831 quae
220 1756 398 1830 postquam
415 1744 561 1830 Tethys,
580 1743 727 1807 satorum
743 1721 865 1829 ignara
881 1742 1027 1837 nepotis,

95 1852 274 1935 reppulit,
293 1863 326 1916 et
342 1851 431 1915 facta
448 1862 499 1915 est
514 1849 672 1914 immensi
690 1850 788 1934 copia
806 1848 938 1923 mundi,

114 1958 308 2043 corripuere
324 1957 430 2032 viam,
449 1956 662 2042 pedibusque
678 1929 836 2041 peraeta
853 1955 953 2019 motis

27 2112 33 2119 ·
113 2065 285 2129 obstantes
302 2064 461 2129 scindunt
477 2065 634 2138 nebulas,
653 2062 842 2148 pennisque
860 2062 962 2127 levati

111 2182 330 2258 praetereunt
345 2170 435 2236 orto's
451 2171 560 2235 isdem
577 2171 620 2234 de
637 2171 788 2254 partibus
808 2169 931 2236 Euros.
1114 2182 1165 2243 160
1238 2220 1241 2225 -

158 2276 230 2343 Sed
246 2278 321 2341 leve
338 2278 472 2362 pondus
489 2288 573 2352 erat,
592 2277 764 2362 necquod
781 2294 992 2363 cognoscere
1008 2288 1150 2363 possent

58 2445 61 2451 .
112 2381 205 2446 Solis
221 2381 312 2467 equi,
331 2381 497 2467 solitaque
509 2381 634 2477 jugum
651 2381 818 2467 gravitate
837 2380 988 2467 cap-ebat.
1001 2382 1111 2437 witti.
1133 2430 1136 2435 .

110 2499 216 2573 utque
232 2487 350 2552 labant
364 2508 490 2551 curvae
504 2487 594 2574 justo
611 2487 685 2552 sine
702 2487 854 2572 pondere
871 2509 990 2562 naveS,

111 2615 241 2679 perque
258 2615 351 2657 mare
368 2594 542 2682 instabiles
558 2594 666 2657 nimia
682 2593 818 2659 levitate
836 2595 1003 2677 seruntur,

111 2700 162 2777 sip
177 2720 281 2764 onere
298 2690 432 2765 assueto
448 2720 578 2763 vacuus
595 2700 704 2764 datin
723 2705 802 2765 aere
819 2703 940 2783 saltus,
1113 2718 1161 2790 ¹⁶5

110 2805 362 2891 succutiturque
379 2806 459 2880 alte,
478 2806 666 2892 similisque
683 2818 734 2871 est
750 2829 870 2891 currus
887 2806 992 2871 inani.

109 2913 203 2998 quod
220 2912 321 2976 simul
338 2933 379 2977 ac
395 2933 546 2988 sensere,
565 2924 679 2989 ruunt,
698 2913 881 3001 tritumque
898 2915 1095 3004 relinquunt

13 3062 17 3071 ·
77 2998 306 3111 squadrijugi
322 3019 482 3103 spatium,
501 3039 565 3083 nec
581 3041 649 3117 quo
667 3020 774 3105 prius,
791 3021 911 3086 ordine
928 3026 1106 3093 currunt(
1214 3034 1218 3040 '

107 3106 183 3210 ipse
200 3137 321 3209 pavet3
346 3146 411 3189 nec
426 3146 495 3210 qua
512 3127 712 3191 commissas
728 3127 842 3192 flectat
859 3127 1023 3201 habenas,

107 3253 174 3296 nec
191 3231 254 3296 scit
269 3252 337 3317 qua
354 3232 396 3296 sit
411 3231 487 3307 iter,
505 3253 582 3308 nec,
601 3233 630 3299 si
647 3233 744 3308 sciat,
763 3233 906 3318 imperet
920 3233 999 3297 illis.
1113 3262 1163 3317 170

152 3338 246 3402 Tum
263 3338 411 3422 primum
428 3339 532 3405 radiis
549 3340 655 3426 gelidi
673 3341 810 3404 caluere
826 3340 966 3414 trioneS,

107 3455 141 3509 et
156 3444 258 3508 vetito
275 3443 623 3529 frustra-temptarunt
638 3467 785 3530 aequore
802 3446 925 3532 tingui,

106 3572 264 3637 quaeque
281 3551 488 3637 poloposita
507 3562 558 3616 est
573 3552 712 3638 glaciali
730 3553 887 3637 proxima
904 3551 1069 3637 SerpenS,

106 3657 235 3744 frigore
250 3657 351 3745 pigra
367 3657 475 3743 prius,
493 3678 559 3736 nec
574 3657 798 3723 formidabilis
815 3658 900 3734 uhi,

105 3763 249 3841 incaluit
264 3764 478 3849 sumpsitque
495 3785 602 3829 novas
619 3764 808 3829 fervoribus
825 3765 906 3829 iras.

104 3880 140 3939 te
153 3890 293 3965 quoque
307 3868 475 3964 turbatum
491 3882 688 3941 memorant
703 3871 855 3967 fugisse,
869 3871 1003 3951 Boote,
