2490 4208
120 187 280 260 XV·.139.]
302 167 372 235 The
400 167 500 235 Gur'lt
522 169 596 234 and
622 167 765 254 Cruelty
788 169 836 253 os
851 165 1060 232 Bloadshed.
1110 185 1175 254 139

120 365 203 432 fecit
218 366 281 431 iter
296 365 431 432 sceleri.
479 364 664 451 Primaque
681 385 700 430 e
716 364 823 431 caede
839 363 990 428 ferarum

120 472 306 538 incaluisse
322 484 437 557 putem
455 473 663 536 maculatum
681 470 850 556 sanguine
867 470 1006 534 serrum.

120 579 224 667 idque
240 579 321 644 satis
338 579 466 644 fuerat:
492 590 712 664 nostrumque
729 577 880 662 petentia
896 578 1002 642 letum

120 705 266 771 corpora
283 685 387 750 missa
404 685 480 750 neci
497 685 592 748 salva
610 683 899 769 pietatesatemur
909 707 918 758 ;

119 793 181 858 sed
198 813 303 879 quam
319 792 434 871 danda
450 791 540 865 neci,
558 801 627 855 tam
646 812 714 854 non
732 791 906 874 epulanda
924 793 1071 859 suerunt.
1123 805 1172 867 no

165 897 350 985 ‘Longius
366 898 446 962 inde
463 896 560 961 nefas
578 896 671 971 abiit,
691 907 724 960 et
739 895 851 980 prima
869 909 1004 983 putatur
1106 914 1109 920 '

118 1004 229 1070 hostia
246 1026 303 1068 sus
319 1003 486 1068 meruisse
501 1002 601 1078 mori,
619 1002 700 1088 quia
717 1002 847 1068 semina
864 1007 979 1090 pando

117 1109 245 1175 eruerit
259 1120 382 1184 rostr0‚
400 1130 566 1196 spemque
583 1108 801 1195 interceperit
817 1112 911 1176 anni.

119 1216 186 1281 vite
203 1237 307 1301 caper
323 1237 436 1280 morsa
454 1214 587 1279 Bacchi
603 1218 807 1283 mactandus
825 1220 869 1284 ad
886 1241 963 1286 aras

118 1323 253 1388 ducitur
268 1322 408 1387 ultoris}
433 1321 548 1386 nocuit
565 1342 627 1386 sua
645 1323 747 1409 culpa
765 1325 910 1392 duobus.
1122 1362 1149 1399 11
1154 1359 1169 1416 ς

116 1429 201 1516 quid
219 1428 401 1504 meruistis,
419 1449 515 1503 oveS,
534 1428 709 1512 placidum
727 1451 846 1515 pecus,
864 1431 968 1519 inque
984 1434 1129 1500 tuendos

117 1547 236 1600 natum
252 1535 421 1611 homines,
439 1534 543 1621 pleno
558 1556 648 1621 quae
665 1536 757 1602 fertis
773 1537 808 1603 in
825 1540 930 1604 ubere
947 1552 1076 1617 nectar,

117 1642 234 1707 mollia
250 1662 339 1729 quae
355 1641 454 1707 nobis
470 1653 603 1708 vestras
618 1644 791 1709 velamina
808 1645 906 1709 lanas
1118 1623 1127 1647 ⁸

116 1749 300 1834 praebetis,
318 1748 457 1835 vitaque
473 1748 601 1836 magis,
620 1771 722 1836 quam
741 1762 848 1816 morte
861 1750 1011 1840 juvatis?

117 1856 196 1942 quid
213 1877 371 1922 meruere
386 1856 505 1932 boves,
525 1855 655 1921 animal
671 1857 745 1923 sine
761 1858 882 1923 fraude
899 1858 1068 1947 dolisque,
1119 1893 1168 1931 120

116 1960 315 2040 innocuum,
334 1962 494 2049 simplex,
513 1973 631 2028 natum
647 1964 793 2049 tolerare
809 1964 966 2030 labores?

117 2066 295 2136 immemor
310 2080 365 2136 est
377 2071 529 2146 demum,
547 2091 613 2135 nec
629 2070 765 2157 frugum
783 2092 924 2137 munere
942 2072 1081 2160 dignuS,

116 2176 170 2263 qui
188 2176 296 2262 potuit
312 2176 408 2242 curvi
425 2178 564 2262 dempto
581 2177 683 2241 modo
699 2178 850 2261 pondere
868 2178 971 2242 aratri

116 2284 298 2350 ruricolam
316 2295 467 2348 mactare
484 2305 600 2358 suum,
618 2282 676 2369 qui
693 2284 769 2347 trita
787 2285 903 2349 labore

113 2388 185 2467 illa,
203 2390 328 2477 quibus
344 2390 466 2456 totiens
484 2390 609 2454 durum
627 2399 852 2455 renovaverat
869 2412 1002 2468 arvum,
1116 2426 1164 2480 125

111 2496 314 2565 condiderat
329 2517 472 2573 messes,
493 2495 662 2581 percussit
677 2497 766 2561 colla
784 2498 906 2563 securi.

154 2615 164 2646 ⁶
181 2603 262 2669 Nec
277 2603 359 2669 satis
374 2614 437 2679 est,
456 2604 547 2689 quod
563 2604 632 2668 tale
648 2602 745 2667 nefas
762 2603 1000 2670 committitur:
1027 2605 1119 2692 ipsos

101 2703 317 2797 inscripsere
333 2710 416 2776 deos
432 2709 567 2785 sceleri,
587 2729 783 2796 numenque
801 2731 987 2795 supernum
1027 2718 1030 2723 '

96 2818 219 2885 caede
235 2817 407 2882 laboriferi
424 2818 567 2882 credunt
583 2817 736 2904 gaudere
750 2816 902 2904 juvenci.

94 2924 250 2992 victima
266 2924 343 2989 labe
360 2945 483 2990 carens
500 2935 533 2990 et
548 2920 842 3010 praestantissima
859 2923 969 2989 forma
981 2962 1026 2975 -
1116 2959 1164 3012 ¹30

91 3051 192 3099 nam
208 3031 381 3117 placuisse
397 3042 553 3097 nocet-
563 3032 654 3097 vittis
671 3029 864 3118 praesignis
881 3041 914 3095 et
930 3052 1014 3097 auro

93 3138 239 3207 sistitur
254 3149 332 3204 ante
349 3160 440 3215 aras,
459 3139 619 3226 auditque
635 3139 759 3226 ignara
776 3148 989 3223 precantem,

88 3241 308 3331 imponique
325 3267 407 3311 suae
423 3247 516 3312 videt
531 3247 617 3311 inter
633 3268 762 3312 cornua
779 3245 882 3311 fronti

92 3373 195 3441 quas
212 3351 328 3428 coluit,
346 3353 477 3441 fruges,
496 3375 728 3443 percussaque
746 3353 917 3442 sanguine
935 3352 1061 3418 cultros

93 3458 217 3525 inficit
232 3457 268 3522 in
284 3458 413 3546 liquida
430 3463 606 3546 praevisos
623 3463 764 3528 forsitan
780 3463 887 3529 unda.
1114 3492 1160 3546 135

96 3565 263 3654 protinus
279 3578 414 3652 ereptas
429 3567 554 3632 viventi
572 3580 709 3653 pectore
725 3570 829 3636 fibras

96 3671 306 3758 inspiciunt,
325 3684 524 3760 mentesque
541 3675 642 3739 deum
659 3687 853 3742 scrutantur
868 3677 903 3743 in
920 3678 999 3746 illis.

99 3779 201 3845 unde
218 3778 327 3845 sames
343 3779 473 3845 homini
488 3780 667 3845 vetitorum
683 3792 777 3847 tanta
794 3784 948 3849 ciborum
964 3785 1036 3852 est?

103 3884 243 3953 audetis
257 3885 360 3963 vesci,
375 3906 490 3974 genus
507 3885 541 3953 O
556 3888 726 3958 mortale?
753 3893 858 3983 quod·
869 3893 974 3985 torol
