2490 4208
94 201 257 275 X11.13p]
438 187 557 254 Deatk
581 190 629 273 of
646 188 800 276 Cygnus.

94 381 273 468 quasque’
291 381 336 447 ait
354 393 362 424 ‘
378 393 455 448 ante
472 384 591 449 habuit
606 384 709 461 vires,
726 383 847 449 effudit
862 383 897 448 in
913 379 1005 447 uno?

95 507 178 549 nam
195 498 285 552 certe
301 488 406 565 valui,
424 490 480 553 vel
496 511 575 554 curn
592 489 765 577 Lyrnesia
781 490 912 575 primus

95 589 233 653 moenia
250 590 371 676 dejeci,
390 593 444 657 vel
462 614 538 657 cum
556 593 793 679 Tenedonque
811 613 941 678 suoque

95 692 280 761 Eetioneas
296 697 435 782 implevi
453 698 622 786 sanguine
638 699 801 774 Thebas3
1097 735 1148 774 110

93 800 152 864 vel
169 821 247 865 cum
264 823 456 888 purpureus
472 805 628 890 populari
645 806 751 870 caede
769 799 909 892 Ca‘ycus

94 905 206 984 fluxit,
224 929 379 996 opusque
396 931 493 976 meae
508 911 561 976 bis
577 910 685 976 sensit
699 911 879 996 Telephus
896 913 1024 981 hastae.

95 1013 154 1078 hic
169 1035 305 1101 quoque
321 1026 368 1080 tot
384 1017 506 1094 caesis,
525 1039 669 1104 quorum
687 1038 748 1102 per
764 1017 843 1084 litus
860 1040 1001 1086 acervos

95 1129 130 1184 et
144 1119 224 1197 feci,
242 1131 277 1186 et
291 1121 404 1200 video,
422 1122 529 1188 valuit
545 1144 622 1187 mea
640 1123 759 1188 dextra
775 1125 957 1212 valetque?

141 1225 248 1303 Dixit,
267 1238 312 1303 et,
332 1240 409 1294 ante
426 1220 510 1296 actis
526 1229 630 1295 veluti
648 1230 738 1295 male
755 1233 920 1309 crederet,
939 1235 1073 1299 hastam
1095 1265 1144 1318 115

95 1332 187 1399 misit
202 1333 238 1398 in
255 1335 435 1401 adversum
453 1336 565 1424 Lycia
582 1335 625 1401 de
642 1337 742 1422 plebe
760 1336 958 1416 Menoeten,

94 1440 306 1528 loricamque
323 1441 423 1508 simul
441 1443 661 1531 subjectaque
678 1455 817 1530 pectora
834 1446 937 1533 rupit.

94 1569 164 1634 quo
179 1546 366 1636 plangente
383 1570 526 1638 gravem
545 1550 748 1616 moribundo
764 1552 889 1618 vertice
905 1563 1044 1631 terram,

94 1655 245 1720 extrahit
258 1654 344 1720 illud
360 1655 451 1722 idem
469 1657 581 1722 calido
598 1657 641 1722 de
657 1658 800 1724 vulnere
815 1660 934 1736 telum,

95 1774 197 1849 atque
215 1761 281 1827 ait:
301 1774 310 1803 ‘
327 1762 427 1829 Haec
443 1785 566 1830 manus
582 1774 645 1842 est,
664 1765 764 1842 haec,
782 1786 850 1851 qua
867 1767 969 1832 modo
985 1767 1143 1844 vicimus,

232 1869 351 1946 hasta3
1097 1906 1147 1945 120

93 1985 172 2042 utar
186 1976 224 2041 in
240 1977 306 2043 hoc
322 1977 453 2044 isdem:
477 1978 571 2044 sitin
592 1979 659 2045 hoc
675 2001 796 2066 precor
812 1979 923 2045 exitus
940 1979 1056 2045 idem?

95 2085 145 2150 sic
162 2085 264 2161 satur,
281 2084 515 2174 Cygnumque
531 2086 635 2172 petit;
659 2108 724 2152 nec
741 2086 896 2152 fraxinus
913 2098 1016 2163 errat,

94 2191 199 2279 inque
216 2193 359 2258 humero
376 2193 488 2259 sonuit
504 2215 573 2260 non
590 2193 713 2259 evitata
730 2193 888 2259 sinistro:

94 2299 176 2365 inde
191 2301 288 2365 velut
302 2322 401 2365 muro
417 2299 594 2387 solidaque
611 2321 631 2364 a
648 2311 747 2364 caute
764 2300 901 2386 repulsa
919 2309 981 2365 est.

94 2428 164 2495 qua
180 2417 295 2473 tamen
311 2406 397 2472 ictus
414 2416 500 2484 erat,
518 2406 692 2494 signatum
710 2405 880 2494 sanguine
896 2405 1061 2494 Cygnum
1096 2435 1145 2491 125

92 2515 240 2591 viderat,
259 2525 292 2579 et
307 2514 431 2579 frustra
447 2513 557 2579 fuerat
573 2512 714 2601 gavisus
730 2511 899 2577 Achilles.

93 2621 221 2688 vulnus
237 2631 310 2686 erat
325 2622 479 2685 nullum:
505 2619 648 2708 sanguis
665 2629 738 2684 erat
753 2619 811 2684 ille
828 2618 1026 2685 Menoetae.

139 2728 235 2793 Tum
249 2750 332 2793 vero
348 2749 515 2814 praeceps
531 2749 633 2792 curru
649 2725 895 2791 fremebundus
912 2725 954 2790 ab
972 2727 1040 2791 alto

94 2836 220 2913 desilit,
238 2847 271 2901 et
287 2835 393 2901 nitido
410 2857 569 2901 securum
587 2833 743 2898 cominus
761 2832 894 2897 hostem

94 2965 178 3010 ense
195 2954 327 3030 petens,
346 2964 501 3030 parmam
519 2941 636 3029 gladio
653 2938 859 3028 galeamque
876 2939 993 3004 cavari
1097 2971 1147 3024 130

93 3050 216 3128 c'ernit,
235 3061 269 3116 at
284 3050 319 3116 in
336 3051 421 3117 duro
437 3049 528 3115 laedi
544 3069 680 3136 quoque
697 3067 840 3129 corpore
856 3045 997 3111 ferrum.

93 3159 190 3224 haud
205 3158 281 3224 tulit
296 3157 450 3234 ulterius,
468 3157 648 3242 clipeoque
666 3153 811 3218 adversa
828 3162 956 3217 retecto

93 3278 147 3332 ter
162 3276 282 3353 quater
297 3287 358 3332 ora
373 3264 436 3330 viri
453 3274 487 3328 et
502 3265 626 3349 capulo
643 3283 728 3328 cava
745 3272 899 3346 tempora
916 3259 1050 3345 pulsat;

94 3373 299 3458 cedentique
315 3393 462 3459 sequens
478 3370 593 3447 instat,
610 3371 806 3455 turbatque,
825 3366 973 3454 ruitque,

93 3481 304 3567 attonitoque
321 3489 427 3567 negat
441 3477 607 3565 requiem.
655 3476 769 3543 Pavor
785 3487 931 3562 occupat
947 3473 1064 3538 illurn:
1099 3504 1146 3560 135

94 3599 176 3656 ante
193 3588 378 3672 oculosque
395 3594 513 3650 natant
527 3584 702 3660 tenebrae,
721 3595 878 3670 retroque
895 3582 1016 3647 ferenti

94 3715 237 3762 aversos
253 3714 376 3779 passus
392 3691 504 3757 medio
520 3690 609 3776 lapis
625 3690 751 3755 obstitit
768 3711 862 3755 arvo.

92 3821 201 3891 quem
217 3821 321 3886 super
336 3798 519 3884 impulsum
537 3796 698 3881 resupino
715 3807 851 3882 pectore
868 3796 1038 3887 Cygnum

90 3908 131 3977 vi
148 3906 254 3972 multa
270 3905 376 3981 vertit,
395 3914 572 3991 terraeque
589 3902 726 3971 adflixit
742 3903 921 3973 Achilles.
