2490 4208
73 210 148 265 av.
162 223 203 277 10,
218 209 272 281 ra]
332 176 335 181 ’
367 190 438 257 Tae
459 191 572 257 Poees
594 188 899 280 Autobzbgraphy.
1083 204 1148 278 179

91 385 199 451 Tunc
214 407 363 474 quoque,
381 407 460 453 cum
476 408 547 473 pax
563 385 815 472 est‚'trepidant
831 385 1012 454 formidine
1025 386 1123 463 belli,

139 491 218 557 Nec
233 492 414 579 quisquam
430 514 548 577 presso
564 513 703 557 vomere
720 493 830 557 sulcat
846 494 1003 557 humum.

90 597 167 663 Aut
176 598 281 672 videt,
293 608 352 663 aut
363 598 479 663 metuit
488 599 584 663 locus
596 597 664 673 hic,
677 619 779 684 quem
790 620 859 663 non
871 598 976 675 videt,
990 601 1123 664 hostem
1135 621 1145 675 3

139 703 263 770 Cessat
279 704 370 770 iners
386 705 499 791 rigido
515 715 605 769 terra
622 704 739 769 relicta
756 703 835 768 situ.
922 752 937 763 ..
1112 735 1147 789 70
1220 777 1222 781 ἢ

92 810 177 875 Non
194 809 250 874 hic
266 811 451 896 pampinea
468 810 576 875 dulcis
593 810 676 874 latet
691 830 757 875 uva
774 810 838 875 sub
853 811 990 888 umbra,

137 915 217 980 Nec
233 916 409 980 cumulant
425 916 510 980 altos
526 914 656 980 servida
674 926 785 980 musta
801 916 911 981 lacus.

91 1022 204 1093 Poma
219 1032 325 1109 negat
341 1022 459 1109 regio;
484 1042 549 1087 nec
565 1022 706 1087 haberet
721 1020 902 1100 Acontius,
919 1023 955 1090 in
971 1043 1040 1110 quo

139 1127 313 1193 Scriberet
328 1128 385 1192 hic
402 1127 561 1193 dominae
577 1128 682 1192 verba
699 1128 848 1216 legenda
865 1150 962 1195 suae.

92 1230 279 1316 Aspiceres
296 1231 406 1296 nudos
423 1231 497 1296 sine
514 1232 646 1308 fronde,
666 1231 738 1296 sine
755 1233 891 1310 arbore,
909 1253 1071 1319 campos:
1110 1262 1143 1320 75

141 1336 221 1401 Heu
236 1338 312 1402 loca
328 1336 418 1403 selici
435 1358 505 1402 non
521 1337 679 1403 adeunda
694 1337 769 1403 viro
782 1336 790 1402 1

94 1443 190 1531 Ergo
204 1453 280 1508 tam.
290 1443 358 1507 late
374 1453 488 1528 pateat
503 1463 581 1507 curn
601 1442 772 1509 maximus
788 1443 894 1520 orbis,

139 1547 240 1614 Haec
256 1553 358 1615 estin
373 1569 521 1635 poenam
537 1559 628 1614 terra
643 1560 783 1635 reperta·
794 1550 931 1617 meam?

227 1892 260 1962 4.
291 1869 363 1938 The
384 1816 497 1938 Poet’s
519 1869 810 1960 Autobabgrapby
836 1872 901 1962 (iv.
929 1873 1006 1964 10).

95 2085 228 2230 ILLE
244 2107 310 2174 ego
326 2085 384 2174 qui
401 2085 536 2163 fuerim,
553 2095 746 2153 tenerorum
763 2087 858 2154 lusor
873 2109 1043 2166 amorum,

176 2191 291 2278 Quem
308 2193 408 2282 legis,
426 2204 463 2258 ut
478 2183 583 2270 noris,
602 2187 721 2280 ac‘cipe
737 2195 929 2281 posteritas.

95 2299 214 2368 Sulmo
232 2300 313 2367 mihi
330 2300 440 2386 patria
456 2311 518 2377 est,
536 2301 661 2389 gelidis
678 2303 868 2368 uberrimus
877 2302 1000 2380 undis,

137 2408 238 2475 Milia
255 2408 313 2496 qui
329 2407 447 2474 novies
464 2409 566 2474 distat
581 2410 624 2474 ab
641 2409 736 2476 Urbe
752 2411 884 2476 decem.

95 2515 214 2583 Editus
231 2516 311 2582 hinc
326 2537 394 2606 ego
410 2539 499 2594 sum,
518 2538 581 2583 nec
598 2539 666 2582 non
682 2528 719 2582 ut
733 2528 888 2604 tempora
903 2517 1009 2594 noris,
1128 2546 1144 2604 ς

137 2623 229 2690 Cum
245 2625 367 2690 cecidit
383 2625 451 2690 fato
469 2625 588 2690 consul
605 2635 746 2713 uterque
762 2625 857 2711 pari:

95 2728 132 2796 Si
148 2731 230 2818 quid
245 2731 280 2796 id
297 2742 359 2808 est,
378 2753 488 2819 usque
503 2752 525 2796 a
542 2731 678 2818 proavis
694 2742 790 2797 vetus
808 2731 937 2797 ordinis
954 2731 1068 2808 heres,

137 2838 220 2904 Non
237 2838 338 2905 modo
354 2837 510 2905 fortunae
527 2860 668 2904 munere
685 2840 794 2905 factus
811 2860 929 2927 eques.

94 2943 171 3010 Nec
187 2945 288 3030 stirps
304 2945 414 3031 prima
431 2946 502 3012 sui:
527 2947 642 3036 genito
659 2968 735 3012 sum
752 2946 854 3011 fratre
871 2955 1020 3022 creatus,
1139 2950 1141 2955 ⁴

136 3049 211 3134 Qui
226 3050 333 3117 tribus
351 3061 428 3117 ante
444 3065 565 3138 quater
581 3053 754 3119 mensibus
771 3065 863 3119 ortus
879 3063 963 3118 erat.
1028 3064 1030 3068 ’
1112 3085 1144 3124 10

94 3155 235 3230 Lucifer
250 3158 427 3222 amborum
445 3160 614 3225 natalibus
630 3159 737 3225 adsuit
752 3161 844 3226 idem
857 3182 866 3224 z

137 3261 220 3330 Una
236 3263 407 3329 celebrata
424 3274 476 3329 est
492 3287 553 3350 per
568 3267 636 3332 duo
652 3266 722 3331 liba
739 3267 824 3334 dies.

96 3368 195 3434 Haec
211 3379 262 3434 est
278 3369 457 3435 armiferae
475 3370 568 3437 festis
586 3373 628 3438 de
644 3373 794 3460 quinque
810 3372 1006 3453 Minervae,
1049 3363 1057 3454 ζ

140 3473 242 3560 Quae
258 3475 331 3540 fieri
347 3496 466 3564 pugna
483 3477 594 3562 prima
610 3490 750 3544 cruenta
767 3482 865 3546 solet.

94 3581 253 3646 Protinus
270 3581 460 3646 excolimur
475 3584 595 3659 teneri,
615 3604 764 3672 curaque
782 3588 931 3672 parentis
972 3567 974 3571 i
1112 3617 1143 3674 ις

138 3686 232 3758 Imus
250 3687 294 3751 ad
310 3688 463 3774 insignes
480 3688 585 3755 Urbis
603 3691 645 3756 ab
662 3704 733 3756 arte
748 3692 851 3759 viros.
869 3735 872 3741 ·

93 3792 214 3858 Frater
230 3791 274 3857 ad
291 3792 464 3878 eloquium
480 3793 580 3859 viridi
598 3798 758 3864 tendebat
774 3799 818 3864 ab
828 3816 934 3877 aevo,
1026 3827 1029 3832 ’

138 3898 254 3964 Fortia
270 3892 403 3962 verbosi
415 3909 516 3966 natus
532 3901 577 3967 ad
595 3923 695 3970 arma
710 3903 801 3984 fori3
