<?xml version="1.0" encoding="UTF-8"?>
<!DOCTYPE html PUBLIC "-//W3C//DTD XHTML 1.0 Transitional//EN"
    "http://www.w3.org/TR/xhtml1/DTD/xhtml1-transitional.dtd">
<html xmlns="http://www.w3.org/1999/xhtml" xml:lang="en" lang="en">
 <head>
  <title>
</title>
<meta http-equiv="Content-Type" content="text/html;charset=utf-8" />
  <meta name='ocr-system' content='tesseract 3.04.00' />
  <meta name='ocr-capabilities' content='ocr_page ocr_carea ocr_par ocr_line ocrx_word'/>
</head>
<body>
  <div class='ocr_page' id='page_1' title='image "./publiovidiinaso00allegoog_0336.png"; bbox 0 0 2454 4214; ppageno 0'>
   <div class='ocr_carea' id='block_1_1' title="bbox 66 169 1122 266">
    <p class='ocr_par' dir='ltr' id='par_1_1' title="bbox 66 169 1122 266">
     <span class='ocr_line' id='line_1_1' title="bbox 66 169 1122 266; baseline -0.01 -20"><span class='ocrx_word' id='word_1_1' title='bbox 66 192 130 246; x_wconf 87' lang='lat' dir='ltr'><strong>XV.</strong></span> <span class='ocrx_word' id='word_1_2' title='bbox 152 188 231 262; x_wconf 85' lang='lat'>766.]</span> <span class='ocrx_word' id='word_1_3' title='bbox 344 169 417 239; x_wconf 73' lang='lat' dir='ltr'><strong>Tae</strong></span> <span class='ocrx_word' id='word_1_4' title='bbox 439 169 644 259; x_wconf 74' lang='lat' dir='ltr'><em>Apotheosis</em></span> <span class='ocrx_word' id='word_1_5' title='bbox 666 172 710 266; x_wconf 87' lang='lat' dir='ltr'><strong>of</strong></span> <span class='ocrx_word' id='word_1_6' title='bbox 735 171 865 238; x_wconf 65' lang='lat' dir='ltr'><strong>cesar.</strong></span> <span class='ocrx_word' id='word_1_7' title='bbox 1056 191 1122 260; x_wconf 88' lang='lat'><strong>149</strong></span> 
     </span>
    </p>
   </div>
   <div class='ocr_carea' id='block_1_2' title="bbox 218 500 979 570">
    <p class='ocr_par' dir='ltr' id='par_1_2' title="bbox 218 500 979 570">
     <span class='ocr_line' id='line_1_2' title="bbox 218 500 979 570; baseline -0.005 -4"><span class='ocrx_word' id='word_1_8' title='bbox 218 500 357 568; x_wconf 89' lang='lat' dir='ltr'><strong>XXIII.</strong></span> <span class='ocrx_word' id='word_1_9' title='bbox 390 503 475 568; x_wconf 76' lang='lat' dir='ltr'><strong>Tne</strong></span> <span class='ocrx_word' id='word_1_10' title='bbox 499 503 734 570; x_wconf 75' lang='lat' dir='ltr'><strong>Aporunosis</strong></span> <span class='ocrx_word' id='word_1_11' title='bbox 758 521 805 567; x_wconf 79' lang='lat' dir='ltr'><strong>on</strong></span> <span class='ocrx_word' id='word_1_12' title='bbox 828 501 979 568; x_wconf 77' lang='lat' dir='ltr'><strong>CAEsAR.</strong></span> 
     </span>
    </p>
   </div>
   <div class='ocr_carea' id='block_1_3' title="bbox 400 691 788 764">
    <p class='ocr_par' dir='ltr' id='par_1_3' title="bbox 400 691 788 764">
     <span class='ocr_line' id='line_1_3' title="bbox 400 691 788 764; baseline -0.005 0"><span class='ocrx_word' id='word_1_13' title='bbox 400 691 504 764; x_wconf 78' lang='lat' dir='ltr'><strong>[1300K</strong></span> <span class='ocrx_word' id='word_1_14' title='bbox 522 691 788 763; x_wconf 80' lang='lat' dir='ltr'>XV·-745-879·]</span> 
     </span>
    </p>
   </div>
   <div class='ocr_carea' id='block_1_4' title="bbox 67 861 1125 1199">
    <p class='ocr_par' dir='ltr' id='par_1_4' title="bbox 67 861 1125 1199">
     <span class='ocr_line' id='line_1_4' title="bbox 120 861 1125 935; baseline -0.004 -15"><span class='ocrx_word' id='word_1_15' title='bbox 120 869 229 921; x_wconf 76' lang='lat' dir='ltr'><strong>Arrun</strong></span> <span class='ocrx_word' id='word_1_16' title='bbox 247 866 294 921; x_wconf 94' lang='lat' dir='ltr'><strong>the</strong></span> <span class='ocrx_word' id='word_1_17' title='bbox 312 865 450 935; x_wconf 88' lang='lat' dir='ltr'><strong>triumphs</strong></span> <span class='ocrx_word' id='word_1_18' title='bbox 469 866 499 919; x_wconf 85' lang='lat' dir='ltr'><strong>oi</strong></span> <span class='ocrx_word' id='word_1_19' title='bbox 518 865 621 932; x_wconf 86' lang='lat' dir='ltr'><strong>Caesar,</strong></span> <span class='ocrx_word' id='word_1_20' title='bbox 635 864 691 919; x_wconf 88' lang='lat' dir='ltr'><strong>and</strong></span> <span class='ocrx_word' id='word_1_21' title='bbox 709 864 754 918; x_wconf 91' lang='lat' dir='ltr'><strong>his</strong></span> <span class='ocrx_word' id='word_1_22' title='bbox 773 863 856 918; x_wconf 83' lang='lat' dir='ltr'>death</span> <span class='ocrx_word' id='word_1_23' title='bbox 874 861 912 935; x_wconf 87' lang='lat' dir='ltr'><strong>by</strong></span> <span class='ocrx_word' id='word_1_24' title='bbox 930 862 1075 934; x_wconf 82' lang='lat' dir='ltr'><strong>treachery</strong></span> <span class='ocrx_word' id='word_1_25' title='bbox 1092 863 1125 916; x_wconf 80' lang='lat' dir='ltr'><strong>of</strong></span> 
     </span>
     <span class='ocr_line' id='line_1_5' title="bbox 67 949 1121 1022; baseline -0.002 -16"><span class='ocrx_word' id='word_1_26' title='bbox 67 954 110 1008; x_wconf 94' lang='lat' dir='ltr'><strong>his</strong></span> <span class='ocrx_word' id='word_1_27' title='bbox 124 955 239 1021; x_wconf 78' lang='lat' dir='ltr'><strong>friendS,</strong></span> <span class='ocrx_word' id='word_1_28' title='bbox 250 956 348 1008; x_wconf 90' lang='lat' dir='ltr'><strong>Venus</strong></span> <span class='ocrx_word' id='word_1_29' title='bbox 361 952 493 1007; x_wconf 84' lang='lat' dir='ltr'><strong>obtained</strong></span> <span class='ocrx_word' id='word_1_30' title='bbox 505 951 576 1005; x_wconf 89' lang='lat' dir='ltr'><strong>from</strong></span> <span class='ocrx_word' id='word_1_31' title='bbox 589 953 697 1022; x_wconf 88' lang='lat' dir='ltr'><strong>Jupiter</strong></span> <span class='ocrx_word' id='word_1_32' title='bbox 709 952 769 1006; x_wconf 91' lang='lat' dir='ltr'><strong>that</strong></span> <span class='ocrx_word' id='word_1_33' title='bbox 781 950 816 1005; x_wconf 92' lang='lat' dir='ltr'><strong>he</strong></span> <span class='ocrx_word' id='word_1_34' title='bbox 829 949 931 1004; x_wconf 89' lang='lat' dir='ltr'>should</span> <span class='ocrx_word' id='word_1_35' title='bbox 943 949 979 1004; x_wconf 91' lang='lat' dir='ltr'><strong>be</strong></span> <span class='ocrx_word' id='word_1_36' title='bbox 992 950 1121 1004; x_wconf 84' lang='lat' dir='ltr'>received</span> 
     </span>
     <span class='ocr_line' id='line_1_6' title="bbox 67 1036 1121 1108; baseline -0.005 -14"><span class='ocrx_word' id='word_1_37' title='bbox 67 1041 126 1094; x_wconf 90' lang='lat' dir='ltr'><strong>into</strong></span> <span class='ocrx_word' id='word_1_38' title='bbox 139 1042 187 1095; x_wconf 94' lang='lat' dir='ltr'><strong>the</strong></span> <span class='ocrx_word' id='word_1_39' title='bbox 199 1040 317 1094; x_wconf 88' lang='lat' dir='ltr'><strong>number</strong></span> <span class='ocrx_word' id='word_1_40' title='bbox 328 1040 361 1093; x_wconf 89' lang='lat' dir='ltr'><strong>of</strong></span> <span class='ocrx_word' id='word_1_41' title='bbox 374 1041 422 1095; x_wconf 87' lang='lat' dir='ltr'><strong>the</strong></span> <span class='ocrx_word' id='word_1_42' title='bbox 443 1040 612 1103; x_wconf 78' lang='lat' dir='ltr'><strong>immortaIS,</strong></span> <span class='ocrx_word' id='word_1_43' title='bbox 623 1056 684 1093; x_wconf 87' lang='lat' dir='ltr'><strong>-a</strong></span> <span class='ocrx_word' id='word_1_44' title='bbox 696 1040 788 1092; x_wconf 89' lang='lat' dir='ltr'><strong>native</strong></span> <span class='ocrx_word' id='word_1_45' title='bbox 801 1038 885 1108; x_wconf 88' lang='lat' dir='ltr'><strong>deity,</strong></span> <span class='ocrx_word' id='word_1_46' title='bbox 899 1038 980 1090; x_wconf 89' lang='lat' dir='ltr'><strong>while</strong></span> <span class='ocrx_word' id='word_1_47' title='bbox 994 1036 1121 1090; x_wconf 88' lang='lat' dir='ltr'><strong>AEscula-</strong></span> 
     </span>
     <span class='ocr_line' id='line_1_7' title="bbox 67 1124 1120 1199; baseline -0.004 -19"><span class='ocrx_word' id='word_1_48' title='bbox 67 1129 130 1197; x_wconf 91' lang='lat' dir='ltr'><strong>pius</strong></span> <span class='ocrx_word' id='word_1_49' title='bbox 153 1146 211 1182; x_wconf 86' lang='lat' dir='ltr'><strong>was</strong></span> <span class='ocrx_word' id='word_1_50' title='bbox 234 1128 267 1181; x_wconf 80' lang='lat' dir='ltr'><strong>oi</strong></span> <span class='ocrx_word' id='word_1_51' title='bbox 289 1128 396 1199; x_wconf 88' lang='lat' dir='ltr'><strong>foreign</strong></span> <span class='ocrx_word' id='word_1_52' title='bbox 420 1128 511 1199; x_wconf 89' lang='lat' dir='ltr'><strong>origin</strong></span> <span class='ocrx_word' id='word_1_53' title='bbox 532 1127 691 1196; x_wconf 75' lang='lat'><strong>(745-844).</strong></span> <span class='ocrx_word' id='word_1_54' title='bbox 730 1126 787 1181; x_wconf 89' lang='lat' dir='ltr'><strong>She</strong></span> <span class='ocrx_word' id='word_1_55' title='bbox 812 1126 891 1179; x_wconf 88' lang='lat' dir='ltr'><strong>takes</strong></span> <span class='ocrx_word' id='word_1_56' title='bbox 914 1124 1051 1179; x_wconf 81' lang='lat' dir='ltr'><strong>therefore</strong></span> <span class='ocrx_word' id='word_1_57' title='bbox 1076 1124 1120 1176; x_wconf 91' lang='lat' dir='ltr'><strong>his</strong></span> 
     </span>
    </p>
   </div>
   <div class='ocr_carea' id='block_1_5' title="bbox 67 1209 1226 1284">
    <p class='ocr_par' dir='ltr' id='par_1_5' title="bbox 67 1209 1226 1284">
     <span class='ocr_line' id='line_1_8' title="bbox 67 1209 1226 1284; baseline -0.005 -16"><span class='ocrx_word' id='word_1_58' title='bbox 67 1215 150 1284; x_wconf 91' lang='lat' dir='ltr'><strong>spirit</strong></span> <span class='ocrx_word' id='word_1_59' title='bbox 171 1232 203 1269; x_wconf 92' lang='lat' dir='ltr'><strong>as</strong></span> <span class='ocrx_word' id='word_1_60' title='bbox 229 1215 264 1267; x_wconf 91' lang='lat' dir='ltr'><strong>he</strong></span> <span class='ocrx_word' id='word_1_61' title='bbox 289 1214 360 1280; x_wconf 83' lang='lat' dir='ltr'><strong>falls,</strong></span> <span class='ocrx_word' id='word_1_62' title='bbox 381 1214 436 1268; x_wconf 91' lang='lat' dir='ltr'><strong>and</strong></span> <span class='ocrx_word' id='word_1_63' title='bbox 454 1214 537 1268; x_wconf 89' lang='lat' dir='ltr'><strong>bears</strong></span> <span class='ocrx_word' id='word_1_64' title='bbox 558 1214 580 1266; x_wconf 90' lang='lat' dir='ltr'><strong>it</strong></span> <span class='ocrx_word' id='word_1_65' title='bbox 597 1213 694 1280; x_wconf 88' lang='lat' dir='ltr'><strong>above,</strong></span> <span class='ocrx_word' id='word_1_66' title='bbox 715 1213 759 1266; x_wconf 91' lang='lat' dir='ltr'><strong>his</strong></span> <span class='ocrx_word' id='word_1_67' title='bbox 778 1212 846 1282; x_wconf 91' lang='lat' dir='ltr'><strong>path</strong></span> <span class='ocrx_word' id='word_1_68' title='bbox 864 1211 950 1283; x_wconf 90' lang='lat' dir='ltr'><strong>being</strong></span> <span class='ocrx_word' id='word_1_69' title='bbox 968 1212 1066 1264; x_wconf 90' lang='lat' dir='ltr'><strong>shown</strong></span> <span class='ocrx_word' id='word_1_70' title='bbox 1084 1209 1122 1280; x_wconf 93' lang='lat' dir='ltr'><strong>by</strong></span> <span class='ocrx_word' id='word_1_71' title='bbox 1224 1231 1226 1237; x_wconf 56' lang='lat'><strong>⁴</strong></span> 
     </span>
    </p>
   </div>
   <div class='ocr_carea' id='block_1_6' title="bbox 67 1297 1120 1370">
    <p class='ocr_par' dir='ltr' id='par_1_6' title="bbox 67 1297 1120 1370">
     <span class='ocr_line' id='line_1_9' title="bbox 67 1297 1120 1370; baseline -0.004 -16"><span class='ocrx_word' id='word_1_72' title='bbox 67 1319 84 1354; x_wconf 88' lang='lat' dir='ltr'><strong>a</strong></span> <span class='ocrx_word' id='word_1_73' title='bbox 107 1301 275 1355; x_wconf 86' lang='lat' dir='ltr'><strong>miraculous</strong></span> <span class='ocrx_word' id='word_1_74' title='bbox 297 1309 356 1355; x_wconf 90' lang='lat' dir='ltr'><strong>star</strong></span> <span class='ocrx_word' id='word_1_75' title='bbox 377 1301 468 1355; x_wconf 88' lang='lat' dir='ltr'><strong>which</strong></span> <span class='ocrx_word' id='word_1_76' title='bbox 490 1299 629 1370; x_wconf 88' lang='lat' dir='ltr'><strong>appeared</strong></span> <span class='ocrx_word' id='word_1_77' title='bbox 651 1301 680 1354; x_wconf 89' lang='lat' dir='ltr'><strong>in</strong></span> <span class='ocrx_word' id='word_1_78' title='bbox 701 1300 748 1355; x_wconf 90' lang='lat' dir='ltr'><strong>the</strong></span> <span class='ocrx_word' id='word_1_79' title='bbox 773 1300 897 1354; x_wconf 89' lang='lat' dir='ltr'><strong>heavens</strong></span> <span class='ocrx_word' id='word_1_80' title='bbox 921 1298 1016 1353; x_wconf 90' lang='lat' dir='ltr'><strong>athis</strong></span> <span class='ocrx_word' id='word_1_81' title='bbox 1037 1297 1120 1351; x_wconf 89' lang='lat' dir='ltr'><strong>death</strong></span> 
     </span>
    </p>
   </div>
   <div class='ocr_carea' id='block_1_7' title="bbox 70 1389 479 1546">
    <p class='ocr_par' dir='ltr' id='par_1_7' title="bbox 70 1389 479 1546">
     <span class='ocr_line' id='line_1_10' title="bbox 70 1389 233 1458; baseline -0.012 -16"><span class='ocrx_word' id='word_1_82' title='bbox 70 1389 233 1458; x_wconf 80' lang='lat'><strong>(845-880).</strong></span> 
     </span>
     <span class='ocr_line' id='line_1_11' title="bbox 121 1474 479 1546; baseline 0.003 -18"><span class='ocrx_word' id='word_1_83' title='bbox 121 1476 329 1540; x_wconf 70' lang='lat' dir='ltr'><strong>concinnos,</strong></span> <span class='ocrx_word' id='word_1_84' title='bbox 348 1474 479 1546; x_wconf 87' lang='lat'>881-889.</span> 
     </span>
    </p>
   </div>
   <div class='ocr_carea' id='block_1_8' title="bbox 64 1647 1155 3973">
    <p class='ocr_par' dir='ltr' id='par_1_8' title="bbox 64 1647 1155 3973">
     <span class='ocr_line' id='line_1_12' title="bbox 153 1647 976 1715; baseline 0 -3"><span class='ocrx_word' id='word_1_85' title='bbox 153 1647 201 1713; x_wconf 92' lang='lat' dir='ltr'><strong>IC</strong></span> <span class='ocrx_word' id='word_1_86' title='bbox 216 1658 332 1713; x_wconf 90' lang='lat' dir='ltr'><strong>tamen</strong></span> <span class='ocrx_word' id='word_1_87' title='bbox 348 1649 494 1715; x_wconf 87' lang='lat' dir='ltr'><strong>accessit</strong></span> <span class='ocrx_word' id='word_1_88' title='bbox 509 1649 661 1715; x_wconf 91' lang='lat' dir='ltr'><strong>delubris</strong></span> <span class='ocrx_word' id='word_1_89' title='bbox 679 1650 813 1715; x_wconf 87' lang='lat' dir='ltr'><strong>advena</strong></span> <span class='ocrx_word' id='word_1_90' title='bbox 832 1649 976 1715; x_wconf 89' lang='lat' dir='ltr'><strong>nostris:</strong></span> 
     </span>
     <span class='ocr_line' id='line_1_13' title="bbox 175 1753 1120 1844; baseline -0.001 -24"><span class='ocrx_word' id='word_1_91' title='bbox 175 1753 307 1820; x_wconf 87' lang='lat' dir='ltr'><strong>Caesar</strong></span> <span class='ocrx_word' id='word_1_92' title='bbox 319 1755 354 1819; x_wconf 91' lang='lat' dir='ltr'><strong>in</strong></span> <span class='ocrx_word' id='word_1_93' title='bbox 366 1754 462 1821; x_wconf 91' lang='lat' dir='ltr'><strong>Urbe</strong></span> <span class='ocrx_word' id='word_1_94' title='bbox 476 1777 538 1820; x_wconf 93' lang='lat' dir='ltr'><strong>sua</strong></span> <span class='ocrx_word' id='word_1_95' title='bbox 555 1757 718 1833; x_wconf 89' lang='lat' dir='ltr'><strong>deusest,</strong></span> <span class='ocrx_word' id='word_1_96' title='bbox 732 1757 835 1844; x_wconf 87' lang='lat' dir='ltr'><strong>quem</strong></span> <span class='ocrx_word' id='word_1_97' title='bbox 850 1768 957 1820; x_wconf 88' lang='lat' dir='ltr'><strong>marte</strong></span> <span class='ocrx_word' id='word_1_98' title='bbox 970 1767 1120 1842; x_wconf 88' lang='lat' dir='ltr'><strong>togaque</strong></span> 
     </span>
     <span class='ocr_line' id='line_1_14' title="bbox 67 1862 937 1950; baseline 0.001 -25"><span class='ocrx_word' id='word_1_99' title='bbox 67 1862 291 1949; x_wconf 90' lang='lat' dir='ltr'><strong>praecipuum</strong></span> <span class='ocrx_word' id='word_1_100' title='bbox 308 1883 376 1926; x_wconf 91' lang='lat' dir='ltr'><strong>non</strong></span> <span class='ocrx_word' id='word_1_101' title='bbox 392 1862 484 1926; x_wconf 89' lang='lat' dir='ltr'><strong>bella</strong></span> <span class='ocrx_word' id='word_1_102' title='bbox 501 1863 615 1950; x_wconf 88' lang='lat' dir='ltr'><strong>magis</strong></span> <span class='ocrx_word' id='word_1_103' title='bbox 631 1863 726 1928; x_wconf 86' lang='lat' dir='ltr'><strong>finita</strong></span> <span class='ocrx_word' id='word_1_104' title='bbox 742 1862 937 1948; x_wconf 89' lang='lat' dir='ltr'><strong>triumphis,</strong></span> 
     </span>
     <span class='ocr_line' id='line_1_15' title="bbox 66 1967 974 2056; baseline -0.001 -24"><span class='ocrx_word' id='word_1_105' title='bbox 66 1989 190 2054; x_wconf 86' lang='lat' dir='ltr'><strong>resque</strong></span> <span class='ocrx_word' id='word_1_106' title='bbox 207 1967 299 2031; x_wconf 90' lang='lat' dir='ltr'><strong>domi</strong></span> <span class='ocrx_word' id='word_1_107' title='bbox 316 1979 434 2053; x_wconf 84' lang='lat' dir='ltr'><strong>gestae</strong></span> <span class='ocrx_word' id='word_1_108' title='bbox 451 1981 701 2055; x_wconf 83' lang='lat' dir='ltr'><strong>properataque</strong></span> <span class='ocrx_word' id='word_1_109' title='bbox 718 1968 830 2056; x_wconf 82' lang='lat' dir='ltr'><strong>gloria</strong></span> <span class='ocrx_word' id='word_1_110' title='bbox 847 1990 974 2045; x_wconf 89' lang='lat' dir='ltr'><strong>rerum,</strong></span> 
     </span>
     <span class='ocr_line' id='line_1_16' title="bbox 65 2074 948 2161; baseline 0 -23"><span class='ocrx_word' id='word_1_111' title='bbox 65 2074 102 2138; x_wconf 92' lang='lat' dir='ltr'><strong>in</strong></span> <span class='ocrx_word' id='word_1_112' title='bbox 119 2075 213 2139; x_wconf 93' lang='lat' dir='ltr'><strong>sidus</strong></span> <span class='ocrx_word' id='word_1_113' title='bbox 230 2084 360 2138; x_wconf 91' lang='lat' dir='ltr'><strong>vertere</strong></span> <span class='ocrx_word' id='word_1_114' title='bbox 377 2095 503 2138; x_wconf 90' lang='lat' dir='ltr'><strong>novum</strong></span> <span class='ocrx_word' id='word_1_115' title='bbox 520 2075 723 2161; x_wconf 87' lang='lat' dir='ltr'><strong>stellamque</strong></span> <span class='ocrx_word' id='word_1_116' title='bbox 741 2086 948 2150; x_wconf 87' lang='lat' dir='ltr'><strong>comantem,</strong></span> 
     </span>
     <span class='ocr_line' id='line_1_17' title="bbox 67 2178 1086 2266; baseline 0.001 -23"><span class='ocrx_word' id='word_1_117' title='bbox 67 2201 170 2266; x_wconf 90' lang='lat' dir='ltr'><strong>quam</strong></span> <span class='ocrx_word' id='word_1_118' title='bbox 189 2199 251 2244; x_wconf 91' lang='lat' dir='ltr'><strong>sua</strong></span> <span class='ocrx_word' id='word_1_119' title='bbox 267 2180 464 2265; x_wconf 83' lang='lat' dir='ltr'><strong>progenies.</strong></span> <span class='ocrx_word' id='word_1_120' title='bbox 513 2179 638 2266; x_wconf 88' lang='lat' dir='ltr'><strong>Neque</strong></span> <span class='ocrx_word' id='word_1_121' title='bbox 655 2181 747 2245; x_wconf 89' lang='lat' dir='ltr'><strong>enim</strong></span> <span class='ocrx_word' id='word_1_122' title='bbox 764 2179 807 2245; x_wconf 70' lang='lat' dir='ltr'><strong>d&#39;e</strong></span> <span class='ocrx_word' id='word_1_123' title='bbox 824 2179 985 2246; x_wconf 88' lang='lat' dir='ltr'><strong>Caesaris</strong></span> <span class='ocrx_word' id='word_1_124' title='bbox 1002 2178 1086 2244; x_wconf 86' lang='lat' dir='ltr'><strong>actis</strong></span> 
     </span>
     <span class='ocr_line' id='line_1_18' title="bbox 65 2285 1036 2373; baseline 0 -24"><span class='ocrx_word' id='word_1_125' title='bbox 65 2287 176 2350; x_wconf 88' lang='lat' dir='ltr'><strong>ullum</strong></span> <span class='ocrx_word' id='word_1_126' title='bbox 194 2285 304 2372; x_wconf 86' lang='lat' dir='ltr'><strong>majus</strong></span> <span class='ocrx_word' id='word_1_127' title='bbox 320 2307 418 2370; x_wconf 86' lang='lat' dir='ltr'><strong>opus,</strong></span> <span class='ocrx_word' id='word_1_128' title='bbox 437 2306 539 2371; x_wconf 92' lang='lat' dir='ltr'><strong>quam</strong></span> <span class='ocrx_word' id='word_1_129' title='bbox 557 2287 648 2372; x_wconf 93' lang='lat' dir='ltr'><strong>quod</strong></span> <span class='ocrx_word' id='word_1_130' title='bbox 667 2298 763 2372; x_wconf 89' lang='lat' dir='ltr'><strong>pater</strong></span> <span class='ocrx_word' id='word_1_131' title='bbox 779 2286 905 2352; x_wconf 83' lang='lat' dir='ltr'><strong>exstitit</strong></span> <span class='ocrx_word' id='word_1_132' title='bbox 922 2285 1036 2373; x_wconf 87' lang='lat' dir='ltr'><strong>hujus.</strong></span> 
     </span>
     <span class='ocr_line' id='line_1_19' title="bbox 67 2391 967 2481; baseline 0 -25"><span class='ocrx_word' id='word_1_133' title='bbox 67 2392 197 2456; x_wconf 91' lang='lat' dir='ltr'><strong>scilicet</strong></span> <span class='ocrx_word' id='word_1_134' title='bbox 214 2396 402 2476; x_wconf 83' lang='lat' dir='ltr'><strong>aequoreos</strong></span> <span class='ocrx_word' id='word_1_135' title='bbox 418 2393 495 2476; x_wconf 90' lang='lat' dir='ltr'><strong>plus</strong></span> <span class='ocrx_word' id='word_1_136' title='bbox 511 2404 562 2456; x_wconf 91' lang='lat' dir='ltr'><strong>est</strong></span> <span class='ocrx_word' id='word_1_137' title='bbox 578 2393 752 2481; x_wconf 78' lang='lat' dir='ltr'><strong>domuisse</strong></span> <span class='ocrx_word' id='word_1_138' title='bbox 769 2391 967 2481; x_wconf 74' lang='lat' dir='ltr'><strong>Britannos,</strong></span> 
     </span>
     <span class='ocr_line' id='line_1_20' title="bbox 66 2462 901 2611; baseline -0.001 -50"><span class='ocrx_word' id='word_1_139' title='bbox 66 2478 196 2584; x_wconf 63' lang='lat' dir='ltr'><strong>perque</strong></span> <span class='ocrx_word' id='word_1_140' title='bbox 213 2462 813 2611; x_wconf 59' lang='lat' dir='ltr'><strong>pipyrisdyiseinfiie&#39;mfiuanimina</strong></span> <span class='ocrx_word' id='word_1_141' title='bbox 829 2482 901 2562; x_wconf 88' lang='lat' dir='ltr'><strong>Nili</strong></span> 
     </span>
     <span class='ocr_line' id='line_1_21' title="bbox 66 2590 894 2691; baseline 0.006 -26"><span class='ocrx_word' id='word_1_142' title='bbox 66 2602 224 2667; x_wconf 89' lang='lat' dir='ltr'><strong>victrices</strong></span> <span class='ocrx_word' id='word_1_143' title='bbox 240 2602 353 2688; x_wconf 84' lang='lat' dir='ltr'><strong>egisse</strong></span> <span class='ocrx_word' id='word_1_144' title='bbox 367 2614 473 2679; x_wconf 77' lang='lat' dir='ltr'><strong>rateS,</strong></span> <span class='ocrx_word' id='word_1_145' title='bbox 491 2603 732 2691; x_wconf 86' lang='lat' dir='ltr'><strong>Numidasque</strong></span> <span class='ocrx_word' id='word_1_146' title='bbox 748 2590 894 2671; x_wconf 78' lang='lat' dir='ltr'><strong>rebelles</strong></span> 
     </span>
     <span class='ocr_line' id='line_1_22' title="bbox 67 2707 1118 2798; baseline 0.003 -25"><span class='ocrx_word' id='word_1_147' title='bbox 67 2707 348 2793; x_wconf 90' lang='lat' dir='ltr'><strong>Cinyphiumque</strong></span> <span class='ocrx_word' id='word_1_148' title='bbox 360 2708 501 2795; x_wconf 90' lang='lat' dir='ltr'><strong>Jubam‚</strong></span> <span class='ocrx_word' id='word_1_149' title='bbox 521 2709 821 2798; x_wconf 89' lang='lat' dir='ltr'><strong>Mithridateisque</strong></span> <span class='ocrx_word' id='word_1_150' title='bbox 836 2720 1023 2776; x_wconf 89' lang='lat' dir='ltr'><strong>tumentem</strong></span> <span class='ocrx_word' id='word_1_151' title='bbox 1066 2741 1118 2798; x_wconf 76' lang='lat'><strong>755</strong></span> 
     </span>
     <span class='ocr_line' id='line_1_23' title="bbox 66 2811 925 2905; baseline 0.003 -26"><span class='ocrx_word' id='word_1_152' title='bbox 66 2814 263 2881; x_wconf 89' lang='lat' dir='ltr'><strong>nominibus</strong></span> <span class='ocrx_word' id='word_1_153' title='bbox 278 2811 426 2879; x_wconf 87' lang='lat' dir='ltr'><strong>Pontum</strong></span> <span class='ocrx_word' id='word_1_154' title='bbox 443 2817 572 2901; x_wconf 91' lang='lat' dir='ltr'><strong>populo</strong></span> <span class='ocrx_word' id='word_1_155' title='bbox 588 2817 756 2905; x_wconf 83' lang='lat' dir='ltr'><strong>adjecisse</strong></span> <span class='ocrx_word' id='word_1_156' title='bbox 773 2817 925 2903; x_wconf 71' lang='lat' dir='ltr'><strong>Quirini,</strong></span> 
     </span>
     <span class='ocr_line' id='line_1_24' title="bbox 66 2920 1021 3010; baseline 0.004 -25"><span class='ocrx_word' id='word_1_157' title='bbox 66 2931 100 2985; x_wconf 91' lang='lat' dir='ltr'><strong>et</strong></span> <span class='ocrx_word' id='word_1_158' title='bbox 116 2921 240 2984; x_wconf 92' lang='lat' dir='ltr'><strong>multos</strong></span> <span class='ocrx_word' id='word_1_159' title='bbox 256 2920 434 2996; x_wconf 88' lang='lat' dir='ltr'><strong>meruisse,</strong></span> <span class='ocrx_word' id='word_1_160' title='bbox 452 2921 586 3008; x_wconf 93' lang='lat' dir='ltr'><strong>aliquos</strong></span> <span class='ocrx_word' id='word_1_161' title='bbox 603 2924 717 3010; x_wconf 85' lang='lat' dir='ltr'><strong>egisse</strong></span> <span class='ocrx_word' id='word_1_162' title='bbox 733 2925 936 3009; x_wconf 88' lang='lat' dir='ltr'><strong>triumphos,</strong></span> <span class='ocrx_word' id='word_1_163' title='bbox 1017 2950 1021 2955; x_wconf 95' lang='lat'><em>·</em></span> 
     </span>
     <span class='ocr_line' id='line_1_25' title="bbox 66 3026 1080 3116; baseline 0.005 -27"><span class='ocrx_word' id='word_1_164' title='bbox 66 3047 170 3112; x_wconf 92' lang='lat' dir='ltr'><strong>quam</strong></span> <span class='ocrx_word' id='word_1_165' title='bbox 186 3036 316 3090; x_wconf 86' lang='lat' dir='ltr'><strong>tantum</strong></span> <span class='ocrx_word' id='word_1_166' title='bbox 334 3026 496 3113; x_wconf 86' lang='lat' dir='ltr'><strong>genuisse</strong></span> <span class='ocrx_word' id='word_1_167' title='bbox 511 3029 646 3093; x_wconf 90' lang='lat' dir='ltr'><strong>virum?</strong></span> <span class='ocrx_word' id='word_1_168' title='bbox 694 3029 775 3115; x_wconf 79' lang='lat' dir='ltr'><strong>Qio</strong></span> <span class='ocrx_word' id='word_1_169' title='bbox 791 3031 950 3116; x_wconf 87' lang='lat' dir='ltr'><strong>praeside</strong></span> <span class='ocrx_word' id='word_1_170' title='bbox 965 3051 1080 3096; x_wconf 90' lang='lat' dir='ltr'><strong>rerum</strong></span> 
     </span>
     <span class='ocr_line' id='line_1_26' title="bbox 66 3131 840 3219; baseline 0.005 -25"><span class='ocrx_word' id='word_1_171' title='bbox 66 3133 218 3195; x_wconf 90' lang='lat' dir='ltr'><strong>humano</strong></span> <span class='ocrx_word' id='word_1_172' title='bbox 235 3132 367 3217; x_wconf 88' lang='lat' dir='ltr'><strong>generi,</strong></span> <span class='ocrx_word' id='word_1_173' title='bbox 386 3131 526 3219; x_wconf 88' lang='lat' dir='ltr'><strong>Superi,</strong></span> <span class='ocrx_word' id='word_1_174' title='bbox 545 3134 675 3201; x_wconf 87' lang='lat' dir='ltr'><strong>favistis</strong></span> <span class='ocrx_word' id='word_1_175' title='bbox 692 3137 840 3201; x_wconf 90' lang='lat' dir='ltr'><strong>abunde.</strong></span> 
     </span>
     <span class='ocr_line' id='line_1_27' title="bbox 110 3237 1118 3328; baseline 0.012 -26"><span class='ocrx_word' id='word_1_176' title='bbox 110 3237 167 3302; x_wconf 91' lang='lat' dir='ltr'><strong>Ne</strong></span> <span class='ocrx_word' id='word_1_177' title='bbox 184 3237 269 3301; x_wconf 85' lang='lat' dir='ltr'><strong>soret</strong></span> <span class='ocrx_word' id='word_1_178' title='bbox 286 3238 341 3302; x_wconf 91' lang='lat' dir='ltr'><strong>hic</strong></span> <span class='ocrx_word' id='word_1_179' title='bbox 357 3237 461 3326; x_wconf 88' lang='lat' dir='ltr'><strong>igitur</strong></span> <span class='ocrx_word' id='word_1_180' title='bbox 478 3242 611 3306; x_wconf 90' lang='lat' dir='ltr'><strong>mortali</strong></span> <span class='ocrx_word' id='word_1_181' title='bbox 628 3243 758 3307; x_wconf 90' lang='lat' dir='ltr'><strong>semine</strong></span> <span class='ocrx_word' id='word_1_182' title='bbox 776 3254 901 3319; x_wconf 90' lang='lat' dir='ltr'><strong>cretus,</strong></span> <span class='ocrx_word' id='word_1_183' title='bbox 1066 3259 1118 3328; x_wconf 86' lang='lat'><strong>760</strong></span> 
     </span>
     <span class='ocr_line' id='line_1_28' title="bbox 65 3346 951 3434; baseline 0.009 -25"><span class='ocrx_word' id='word_1_184' title='bbox 65 3346 122 3410; x_wconf 89' lang='lat' dir='ltr'><strong>ille</strong></span> <span class='ocrx_word' id='word_1_185' title='bbox 139 3347 225 3411; x_wconf 89' lang='lat' dir='ltr'><strong>deus</strong></span> <span class='ocrx_word' id='word_1_186' title='bbox 243 3346 420 3413; x_wconf 82' lang='lat' dir='ltr'><strong>faciendus</strong></span> <span class='ocrx_word' id='word_1_187' title='bbox 437 3359 522 3413; x_wconf 89' lang='lat' dir='ltr'><strong>erat.</strong></span> <span class='ocrx_word' id='word_1_188' title='bbox 573 3349 679 3434; x_wconf 70' lang='lat' dir='ltr'><strong>Quod</strong></span> <span class='ocrx_word' id='word_1_189' title='bbox 695 3362 732 3416; x_wconf 92' lang='lat' dir='ltr'><strong>ut</strong></span> <span class='ocrx_word' id='word_1_190' title='bbox 748 3373 852 3416; x_wconf 89' lang='lat' dir='ltr'><strong>aurea</strong></span> <span class='ocrx_word' id='word_1_191' title='bbox 867 3351 951 3418; x_wconf 90' lang='lat' dir='ltr'><strong>vidit</strong></span> 
     </span>
     <span class='ocr_line' id='line_1_29' title="bbox 64 3451 883 3544; baseline 0.009 -28"><span class='ocrx_word' id='word_1_192' title='bbox 64 3451 207 3517; x_wconf 88' lang='lat' dir='ltr'><strong>Aeneae</strong></span> <span class='ocrx_word' id='word_1_193' title='bbox 225 3453 389 3540; x_wconf 87' lang='lat' dir='ltr'><strong>genitrix,-</strong></span> <span class='ocrx_word' id='word_1_194' title='bbox 407 3454 491 3520; x_wconf 90' lang='lat' dir='ltr'><strong>vidit</strong></span> <span class='ocrx_word' id='word_1_195' title='bbox 506 3478 643 3543; x_wconf 88' lang='lat' dir='ltr'><strong>quoque</strong></span> <span class='ocrx_word' id='word_1_196' title='bbox 659 3458 752 3522; x_wconf 90' lang='lat' dir='ltr'><strong>triste</strong></span> <span class='ocrx_word' id='word_1_197' title='bbox 768 3457 883 3544; x_wconf 89' lang='lat' dir='ltr'><strong>parari</strong></span> 
     </span>
     <span class='ocr_line' id='line_1_30' title="bbox 64 3560 880 3648; baseline 0.007 -25"><span class='ocrx_word' id='word_1_198' title='bbox 64 3560 216 3644; x_wconf 90' lang='lat' dir='ltr'><strong>pontifici</strong></span> <span class='ocrx_word' id='word_1_199' title='bbox 233 3560 338 3624; x_wconf 90' lang='lat' dir='ltr'><strong>letum</strong></span> <span class='ocrx_word' id='word_1_200' title='bbox 356 3571 390 3626; x_wconf 86' lang='lat' dir='ltr'><strong>et</strong></span> <span class='ocrx_word' id='word_1_201' title='bbox 405 3561 583 3648; x_wconf 88' lang='lat' dir='ltr'><strong>conjurata</strong></span> <span class='ocrx_word' id='word_1_202' title='bbox 601 3584 697 3628; x_wconf 88' lang='lat' dir='ltr'><strong>arma</strong></span> <span class='ocrx_word' id='word_1_203' title='bbox 712 3564 856 3640; x_wconf 88' lang='lat' dir='ltr'><strong>moveri,</strong></span> <span class='ocrx_word' id='word_1_204' title='bbox 876 3597 880 3604; x_wconf 91' lang='lat'><strong>·</strong></span> 
     </span>
     <span class='ocr_line' id='line_1_31' title="bbox 64 3667 944 3755; baseline 0.008 -26"><span class='ocrx_word' id='word_1_205' title='bbox 64 3667 204 3751; x_wconf 81' lang='lat' dir='ltr'><strong>palluit3</strong></span> <span class='ocrx_word' id='word_1_206' title='bbox 230 3677 264 3732; x_wconf 90' lang='lat' dir='ltr'><strong>et</strong></span> <span class='ocrx_word' id='word_1_207' title='bbox 280 3667 426 3744; x_wconf 88' lang='lat' dir='ltr'><strong>cunctis,</strong></span> <span class='ocrx_word' id='word_1_208' title='bbox 443 3678 481 3732; x_wconf 92' lang='lat' dir='ltr'><strong>ut</strong></span> <span class='ocrx_word' id='word_1_209' title='bbox 496 3669 619 3755; x_wconf 87' lang='lat' dir='ltr'><strong>cuique</strong></span> <span class='ocrx_word' id='word_1_210' title='bbox 636 3681 709 3735; x_wconf 88' lang='lat' dir='ltr'><strong>erat</strong></span> <span class='ocrx_word' id='word_1_211' title='bbox 723 3671 838 3747; x_wconf 91' lang='lat' dir='ltr'><strong>obvia,</strong></span> <span class='ocrx_word' id='word_1_212' title='bbox 856 3671 944 3737; x_wconf 88' lang='lat' dir='ltr'><strong>divis</strong></span> 
     </span>
     <span class='ocr_line' id='line_1_32' title="bbox 65 3756 1118 3863; baseline 0.009 -25"><span class='ocrx_word' id='word_1_213' title='bbox 65 3772 244 3858; x_wconf 88' lang='lat' dir='ltr'><strong>‘Aspice,&#39;</strong></span> <span class='ocrx_word' id='word_1_214' title='bbox 260 3773 396 3839; x_wconf 90' lang='lat' dir='ltr'><strong>dicebat</strong></span> <span class='ocrx_word' id='word_1_215' title='bbox 413 3785 565 3860; x_wconf 85' lang='lat' dir='ltr'><strong>‘quanta</strong></span> <span class='ocrx_word' id='word_1_216' title='bbox 579 3775 664 3840; x_wconf 93' lang='lat' dir='ltr'><strong>mihi</strong></span> <span class='ocrx_word' id='word_1_217' title='bbox 681 3778 771 3843; x_wconf 92' lang='lat' dir='ltr'><strong>mole</strong></span> <span class='ocrx_word' id='word_1_218' title='bbox 787 3788 950 3863; x_wconf 86' lang='lat' dir='ltr'><strong>parentur</strong></span> <span class='ocrx_word' id='word_1_219' title='bbox 1065 3756 1118 3863; x_wconf 54' lang='lat'><strong>76}</strong></span> 
     </span>
     <span class='ocr_line' id='line_1_33' title="bbox 64 3878 1155 3973; baseline 0.008 -29"><span class='ocrx_word' id='word_1_220' title='bbox 64 3878 222 3956; x_wconf 88' lang='lat' dir='ltr'><strong>insidiae,</strong></span> <span class='ocrx_word' id='word_1_221' title='bbox 240 3886 436 3969; x_wconf 82' lang='lat' dir='ltr'><strong>quantaque</strong></span> <span class='ocrx_word' id='word_1_222' title='bbox 453 3892 559 3970; x_wconf 86' lang='lat' dir='ltr'><strong>caput</strong></span> <span class='ocrx_word' id='word_1_223' title='bbox 573 3903 657 3951; x_wconf 87' lang='lat' dir='ltr'><strong>cum</strong></span> <span class='ocrx_word' id='word_1_224' title='bbox 672 3883 973 3973; x_wconf 55' lang='lat' dir='ltr'><strong>{raude-petebat,</strong></span> <span class='ocrx_word' id='word_1_225' title='bbox 1037 3928 1043 3933; x_wconf 93' lang='lat'>-</span> <span class='ocrx_word' id='word_1_226' title='bbox 1083 3926 1087 3931; x_wconf 95' lang='lat'>·</span> <span class='ocrx_word' id='word_1_227' title='bbox 1148 3944 1155 3953; x_wconf 90' lang='lat'><em>.</em></span> 
     </span>
    </p>
   </div>
   <div class='ocr_carea' id='block_1_9' title="bbox 0 0 1232 4214">
    <p class='ocr_par' dir='ltr' id='par_1_9' title="bbox 0 0 1232 4214">
     <span class='ocr_line' id='line_1_34' title="bbox 0 0 1232 4214; baseline 0 0"><span class='ocrx_word' id='word_1_228' title='bbox 0 0 1232 4214; x_wconf 95' lang='lat' dir='ltr'><strong> </strong></span> 
     </span>
    </p>
   </div>
  </div>
 </body>
</html>
