2490 4208
67 189 124 243 111.
136 187 196 259 88.]
355 170 469 258 Fight
483 172 576 238 with
599 171 657 238 the
678 170 845 259 Dragon.
1075 185 1118 256 35

64 378 103 433 ut
118 388 240 433 nemus
257 367 405 445 intravit,
424 369 594 456 letataque
611 390 755 455 corpora
767 368 869 445 vidit,
1086 397 1120 454 55

64 475 297 561 victoremque
313 496 417 560 supra
434 475 574 560 spatiosi
591 475 743 561 corporis
760 476 893 540 hostem

64 582 173 647 tristia
189 581 381 669 sanguinea
397 583 606 647 lambentem
621 584 766 646 vulnera
781 581 915 669 lingua,

68 686 161 753 ‘Aut
177 691 265 754 ultor
279 700 427 763 vestrae,
445 689 612 754 fidissima
629 710 785 775 corpora,
804 689 936 764 mortis,

67 805 125 860 aut
141 794 276 861 comes’
292 796 402 882 inquit
420 795 526 859 ‘ero’
560 794 669 874 Dixit,
686 796 877 881 dextraque
893 793 1061 859 molarem

66 903 213 979 sustulit,
232 913 264 967 et
280 923 444 990 maguum
464 922 592 989 magno
609 901 790 966 conamine
807 900 908 966 misit.
1082 916 1119 971 60

65 1007 158 1074 illius
174 1008 323 1095 impulsu
340 1030 419 1074 cum
434 1008 583 1072 turribus
600 1008 709 1072 ardua
726 1006 828 1072 oelsis

66 1115 204 1180 moenia
221 1126 311 1182 mota
327 1117 457 1181 forent:
482 1134 624 1200 serpens
641 1114 715 1179 sine
731 1115 873 1179 vulnere
889 1112 1027 1194 mansit,

65 1221 261 1309 loricaeque
278 1224 379 1287 modo
395 1221 547 1309 squamis
563 1221 739 1297 defensus,
758 1231 792 1285 et
807 1231 902 1287 atrae

66 1328 192 1394 duritia
207 1330 321 1415 pellis,
338 1329 471 1394 validos
488 1339 564 1393 cute
580 1328 730 1413 reppulit
746 1327 844 1393 ictus.

37 1431 81 1537 4
112 1434 159 1500 At
174 1457 243 1501 non
260 1435 382 1501 duritia
395 1435 549 1524 jaculum
565 1456 702 1522 quoque
718 1434 799 1499 vicit
815 1434 951 1511 eadem,

65 1543 157 1628 quod
175 1542 287 1608 medio
302 1543 415 1608 lentae
432 1543 551 1628 spinae
568 1541 768 1606 curvamine
784 1541 895 1606 fixum

65 1648 225 1725 constitit,
244 1659 277 1714 et
291 1659 397 1714 totum
415 1649 591 1714 descendit
607 1649 642 1712 in
658 1649 716 1713 ilia
733 1648 875 1713 serrum.

64 1754 137 1831 ille,
155 1755 272 1821 dolore
288 1755 398 1832 serox,
417 1767 520 1841 caput
535 1755 570 1819 in
588 1776 651 1820 sua
666 1766 765 1843 terga
780 1752 927 1830 retorsit,

64 1862 276 1948 vulneraque
293 1862 438 1947 aspexit,
456 1862 631 1948 fixumque
648 1863 770 1927 hastile
788 1859 987 1938 momordit,

63 1967 167 2055 idque
183 1969 241 2033 ubi
256 1969 291 2033 vi
307 1969 413 2033 multa
429 1980 561 2054 partem
577 1969 736 2035 labefecit
751 1970 787 2033 in
802 1988 957 2044 omnem,

63 2075 124 2141 vix
139 2085 237 2163 tergo
253 2074 396 2160 eripuit;
420 2075 548 2140 ferrum
563 2085 678 2140 tamen
694 2075 828 2141 ossibus
844 2072 968 2145 haesit.

62 2191 136 2246 tum
152 2203 234 2247 vero
250 2192 429 2269 postquam
446 2182 563 2247 solitas
580 2181 726 2248 accessit
741 2182 786 2247 ad
801 2181 872 2248 iras

64 2309 170 2354 causa
186 2310 318 2364 recens,
336 2287 448 2374 plenis
462 2299 660 2354 tumuerunt
676 2299 813 2376 guttura
828 2288 940 2367 venis,

63 2415 255 2482 spumaque
271 2394 448 2480 pestiferos
464 2394 668 2460 circumfluit
684 2394 800 2459 albida
815 2395 933 2472 rictus,

62 2511 222 2588 terraque
238 2521 316 2566 rasa
332 2513 431 2565 sonat
447 2501 612 2588 squamis,
631 2501 757 2588 quique
775 2501 901 2568 halitus
916 2501 989 2569 exit

62 2629 122 2674 ore
139 2607 238 2695 niger
254 2606 390 2694 Stygio,
401 2587 542 2677 ,uitiatas
559 2607 665 2672 inficit
681 2629 795 2673 auras.

63 2715 137 2802 ipse
155 2714 256 2779 modo
272 2713 478 2779 immensum
495 2714 594 2799 spiris
611 2702 814 2782 facientibus
829 2716 949 2782 orbem

64 2820 225 2908 cingitur,
242 2819 411 2884 interdum
428 2821 533 2907 longa
549 2820 645 2885 trabe
661 2822 785 2887 rectior
801 2835 932 2898 exstat3

63 2927 190 3013 impete
205 2946 298 2990 nunc
308 2937 408 2990 uasto
425 2946 489 2990 ceu
505 2927 663 2992 concitus·
674 2928 840 2994 imbribus
856 2928 968 2994 amnis

63 3034 181 3107 fertur,
200 3042 234 3097 et
248 3032 419 3098 obstantes
435 3034 612 3117 proturbat
627 3046 765 3120 pectore
782 3036 898 3101 silvas.
982 3076 984 3081 >

100 3138 210 3205 Cedit
223 3136 442 3225 Agenorides
458 3140 613 3225 paulum,
632 3142 809 3229 spolioque
826 3142 935 3208 leonis

64 3245 205 3311 sustinet
219 3244 389 3320 incursus,
407 3245 636 3334 instantiaque
652 3270 712 3314 ora
730 3250 878 3314 retardat

64 3353 203 3437 cuspide
219 3362 416 3435 praetenta:
442 3353 521 3418 furit
535 3334 631 3430 ille(
626 3365 659 3419 et
674 3355 791 3419 inania
808 3356 894 3421 duro

63 3461 205 3523 vulnera
221 3458 280 3522 dat
293 3438 398 3542 serrqi
415 3460 557 3547 figitque
573 3461 609 3524 in
626 3461 785 3527 acumine
800 3462 941 3538 dentes3

59 3566 198 3653 jamque
213 3565 413 3632 venenifero
430 3567 572 3653 sanguis
589 3588 730 3632 manare
747 3569 862 3652 palato
1076 3585 1111 3652 85

62 3682 233 3757 coeperat,
252 3683 286 3737 et
299 3673 426 3739 virides
442 3672 626 3758 aspergine
642 3673 791 3738 tinxerat
806 3675 952 3739 herbas:

60 3780 119 3845 sed
135 3779 213 3845 leve
228 3778 354 3845 vulnus
370 3788 455 3854 erat,
469 3778 554 3867 quia
566 3799 603 3843 se
619 3780 817 3847 retrahebat
832 3781 980 3857 abiem,

38 3860 222 3975 staesaque
236 3886 323 3953 colla
338 3885 444 3952 dabat
452 3872 568 3975 retro}
576 3888 802 3986 plagamque
818 3893 951 3962 sedere
