2490 4208
103 176 126 229 1.
145 174 222 246 351·]
362 154 433 221 Tae
467 154 600 221 Waters
622 176 686 221 are
708 155 872 221 recalled.
1112 173 1152 246 15

101 353 158 418 hic
173 352 231 418 ubi
249 351 441 419 Deucalion
452 374 589 417 —nam
606 363 718 419 cetera
734 361 866 417 texerat
882 373 1065 441 aequor-

101 481 180 525 cum
197 470 352 525 consorte
368 459 431 527 tori
449 480 555 545 parva
571 471 643 524 rate
659 470 777 524 vectus
794 459 962 537 adhaesit,

101 565 293 652 Corycidas
308 567 481 652 nymphas
497 580 531 630 et
546 565 688 630 numina
706 565 828 630 montis
846 567 1002 644 adorant,
1102 600 1154 655 3²0

100 672 343 758 fatidicamque
359 672 524 747 Themin,
541 693 630 758 quae
646 682 728 736 tunc
743 673 859 736 oracla
876 675 1023 738 tenebat.

101 801 169 844 non
186 779 245 844 illo
262 778 382 843 melior
398 777 579 864 quisquam
597 799 661 842 nec
678 779 846 843 amantior
863 781 964 866 aequi

100 886 153 951 vir
168 886 242 960 suit,
262 897 319 951 aut
335 886 395 950 illa
411 886 613 951 metuentior
629 887 700 950 ulla
716 887 871 951 deorum.

142 991 300 1078 Juppiter
315 1002 352 1056 ut
367 992 505 1078 liquidis
522 1003 684 1078 stagnare
701 993 883 1077 paludibus
899 995 1031 1072 orbem,
1185 1079 1188 1083 .

102 1110 135 1164 et
151 1119 331 1184 superesse
347 1099 458 1163 virum
475 1099 518 1162 de
534 1109 582 1163 tot
597 1099 699 1163 modo
715 1098 853 1164 milibus
870 1122 989 1177 unum,
1102 1131 1153 1187 325

100 1216 136 1271 et
150 1226 330 1290 superesse
345 1205 439 1270 videt
454 1205 497 1270 de
512 1214 562 1270 tot
578 1205 679 1270 modo
697 1205 833 1270 milibus
848 1227 968 1283 unam,

101 1312 267 1378 innocuos
284 1313 418 1388 ambos,
435 1312 582 1376 cultores
599 1311 749 1376 numinis
767 1312 899 1387 ambos,

101 1420 219 1484 nubila
236 1419 381 1508 disjecit,
400 1419 594 1505 nimbisque
611 1419 770 1505 aquilone
787 1419 926 1484 remotis

101 1536 135 1592 et
151 1528 247 1592 caelo
263 1537 371 1592 terras
387 1526 546 1601 ostendit,
565 1537 598 1591 et
614 1527 753 1590 aethera
769 1525 880 1591 terris.

101 1654 166 1698 nec
183 1633 287 1698 maris
302 1633 353 1697 ira
371 1644 498 1708 manet,
516 1632 693 1718 positoque
709 1632 894 1717 tricuspide
910 1633 979 1698 telo
1102 1665 1154 1720 330

101 1740 228 1804 mulcet
245 1760 352 1824 aquas
367 1750 478 1804 rector
493 1739 622 1825 pelagi,
642 1760 814 1825 supraque
831 1739 1039 1824 profundum

101 1857 291 1911 exstantem
309 1857 410 1932 atque
427 1845 587 1909 humeros
604 1844 720 1909 innato
739 1845 866 1910 murice
882 1856 1010 1911 tectum

101 1952 298 2017 caeruleum
315 1951 458 2015 Tritona
473 1962 585 2024 vocat,
609 1952 831 2038 conchaeque
847 1953 982 2016 sonanti

101 2057 270 2144 inspirare
283 2057 392 2145 jubet,
410 2057 600 2143 fluctusque
617 2069 651 2122 et
666 2057 809 2122 flumina
827 2058 928 2144 signo

97 2166 170 2254 jarn
188 2185 350 2230 revocare
366 2164 458 2229 dato.
507 2162 605 2229 Cava
621 2163 747 2228 bucina
763 2164 907 2228 sumitur
922 2163 972 2228 illi
1101 2194 1152 2251 335

100 2273 233 2348 tortilis,
251 2271 287 2336 in
302 2272 409 2336 latum
425 2291 514 2356 quae
529 2271 664 2335 turbine
681 2271 803 2335 crescit
819 2271 863 2334 ab
880 2270 962 2346 imo,
976 2306 1023 2319 -

100 2378 240 2454 bucina,
258 2399 347 2465 quae
364 2377 478 2442 medio
495 2377 653 2462 concepit
668 2377 725 2442 ubi
743 2380 958 2461 aerapontO,

100 2486 199 2550 litora
215 2506 300 2550 voce
316 2484 425 2570 replet
441 2484 505 2549 sub
521 2494 663 2570 utroque
677 2482 827 2570 jacentia
844 2481 999 2548 Phoebo.

100 2602 183 2655 tunc
198 2612 347 2677 quoque,
364 2602 401 2655 ut
416 2612 477 2655 ora
494 2591 549 2654 dei
566 2590 705 2655 madida
721 2588 871 2654 rorantia
888 2589 997 2654 barba

102 2697 256 2784 contigit,
272 2707 308 2761 et
322 2697 447 2762 cecinit
459 2696 574 2784 jussos
590 2695 707 2760 inflata
724 2706 896 2780 receptuS,
1102 2726 1155 2782 340

101 2803 259 2869 omnibus
277 2803 390 2868 audita
407 2813 458 2866 est
473 2801 604 2866 telluris
621 2812 653 2866 et
669 2801 826 2887 aequoris
842 2800 944 2867 undis

101 2921 134 2975 et
150 2910 273 2996 quibus
289 2919 340 2975 est
355 2908 456 2973 undis
473 2908 602 2983 audita,
621 2908 772 2972 coercuit
787 2928 921 2973 omnes.
950 2910 957 2923 '

100 3016 243 3080 flumina
261 3014 452 3088 subsidunt,
472 3015 645 3100 collesque
663 3014 757 3080 exire
772 3014 951 3079 videntur:

98 3123 171 3211 jam
188 3142 282 3186 mare
298 3121 377 3186 litus
395 3121 518 3195 habet3
544 3121 664 3206 plenos
681 3121 772 3206 capit
788 3122 906 3186 alveus
923 3142 1062 3196 amnes3

102 3228 212 3315 surgit
228 3229 373 3302 humus3
398 3238 556 3292 crescunt
571 3228 648 3293 loca
665 3228 942 3293 decrescentibus
958 3228 1080 3303 undis3
1101 3258 1152 3314 345

101 3345 245 3420 postque
262 3333 353 3399 diem
369 3334 510 3421 longam
528 3335 656 3398 nudata
673 3333 854 3397 cacumina
870 3335 978 3399 silvae

101 3442 295 3517 ostendunt,
314 3441 502 3528 limumque
517 3450 635 3505 tenent
650 3440 686 3503 in
702 3440 822 3504 fronde
839 3441 1007 3505 relictum.

146 3547 318 3613 Redditus
334 3547 425 3613 orbis
442 3557 535 3611 erat:
560 3567 662 3631 quem
679 3557 860 3632 postquam
877 3546 960 3611 vidit
976 3546 1116 3611 inanem

101 3664 134 3719 et
150 3654 321 3719 desolatas
339 3674 444 3739 agere
461 3653 529 3717 alta
545 3642 681 3717 silentia
697 3663 818 3728 terras,

102 3759 296 3825 Deucalion
312 3758 462 3824 lacrimis
478 3759 525 3823 ita
542 3757 712 3844 Pyrrham
732 3759 854 3823 affatur
869 3759 1018 3824 obortisr
1102 3789 1155 3845 330

102 3866 161 3935 ‘O
177 3887 286 3944 soror,
304 3888 325 3935 o
340 3865 503 3955 conjunx,
521 3885 543 3933 o
559 3864 690 3933 femina
707 3866 785 3935 sola
799 3878 995 3957 superstes,
