2490 4208
90 165 161 221 xv,
174 166 248 238 834]
354 147 502 237 Jupiter
510 146 680 235 soretdt's
702 146 756 212 his
783 147 906 236 Glory.
1078 165 1139 235 151

91 362 128 427 in
145 363 310 448 templum
327 363 456 451 gladii;
479 382 593 448 neque
609 361 702 426 enim
717 359 814 429 locus
830 362 921 427 ullus
936 360 973 425 in
989 360 1086 429 Urbe
1199 368 1202 373 ’

94 469 139 533 ad
155 469 288 534 facinus
305 471 482 554 diramque
498 469 622 554 placet,
641 467 706 532 nisi
722 468 832 543 curia,
850 468 1005 532 caedem.

58 616 62 621 ·
93 584 166 640 tum
183 597 264 639 vero
280 571 454 662 Cytherea
472 595 576 639 manu
593 574 761 659 percussit
776 583 920 660 utraque

94 691 228 765 pectus,
248 692 280 746 et
295 681 447 745 aetheria
463 682 599 745 molitur
616 680 764 746 condere
781 681 885 756 nube,
982 728 985 733 .

94 809 164 874 qua
180 787 275 872 prius
290 787 412 853 infesto
428 786 526 852 Paris
543 797 594 851 est
610 798 745 872 ereptus
762 785 920 865 Atridae,
1091 806 1143 877 803

94 904 129 960 et
145 893 355 963 Diomedeos
370 892 510 959 Aeneas
526 893 662 979 fugerat
678 913 788 958 enses.

139 999 286 1065 Talibus
303 1002 394 1065 hanc
409 1001 564 1088 ¹genitor:
590 1010 599 1040 ‘
616 999 700 1064 Sola
716 999 948 1086 insuperabile
964 1002 1104 1081 fatum,‘

93 1118 191 1183 nata,
211 1128 347 1172 movere
363 1104 488 1192 paras?
511 1106 616 1170 intres
632 1106 712 1170 licet
728 1104 803 1192 ipsa
819 1130 972 1175 sororum

92 1222 187 1279 tecta
202 1213 303 1277 trium
316 1212 324 1277 l
348 1233 469 1279 cernes
485 1212 555 1277 illic
571 1211 747 1278 molimine
763 1226 859 1280 vasto

93 1341 143 1386 ex
160 1340 239 1384 aere
255 1329 289 1383 et
303 1319 413 1385 solido
428 1339 541 1384 rerum
556 1318 726 1385 tabularia
742 1321 844 1398 serrn,
960 1366 963 1371 -
1095 1339 1147 1393 810

94 1447 189 1513 quae
205 1446 315 1511 neque
332 1445 537 1490 concursum
554 1424 655 1501 caeli,
673 1448 785 1513 neque
801 1427 953 1494 fulminis
966 1420 1070 1507 iram,

95 1553 164 1598 nec
180 1542 335 1596 metuunt
350 1533 438 1597 ullas
454 1541 525 1594 tuta
543 1543 643 1616 atque
660 1544 798 1599 aeterna
814 1534 942 1600 ruinas
958 1552 962 1559 ·

96 1637 254 1704 invenies
270 1638 341 1703 illic
357 1637 465 1703 incisa
483 1637 665 1712 adamante
683 1640 825 1725 perenni

97 1745 171 1811 fata
186 1744 234 1808 tui
250 1744 409 1832 generisz
434 1743 504 1831 legi
521 1742 595 1828 ipse
611 1745 794 1832 animoque
812 1746 940 1825 notavi,

100 1861 135 1917 et
150 1851 310 1927 reseram,
328 1870 371 1915 ne
389 1849 435 1915 sis
453 1849 639 1915 etiamnum
656 1852 779 1939 ignara
795 1853 911 1918 futuri.
1100 1871 1149 1939 815
1241 1846 1243 1853 ¹

148 1967 157 1998 ‘
174 1956 244 2023 Hic
259 1977 322 2022 sua
338 1939 534 2042 complevit,
552 1978 709 2045 proquo,
728 1959 914 2046 Cytherea,
933 1960 1083 2036 laboras,

102 2072 257 2149 tempora
273 2062 432 2149 perfectis
448 2084 533 2149 quos
550 2075 659 2129 terrae
676 2066 792 2131 debuit
807 2067 919 2132 annis.

102 2183 140 2237 ut
154 2172 241 2236 deus
256 2170 399 2235 accedat
415 2171 511 2236 caelo
526 2172 730 2257 templisque
748 2173 890 2250 locetur,

102 2288 139 2344 tu
155 2276 261 2342 facies
277 2287 444 2362 natusque
462 2297 556 2352 suus,
575 2277 634 2362 qui
651 2277 798 2342 nominis
816 2280 938 2345 haeres

102 2366 299 2470 impositum
315 2382 401 2449 seret
416 2403 504 2448 unus
521 2404 621 2459 onus,
640 2385 824 2471 caedisque
840 2385 991 2471 parentis
1101 2403 1155 2455 820
1182 2394 1184 2399 '

104 2514 166 2557 nos
183 2490 219 2554 in
234 2490 325 2556 bella
343 2510 423 2583 suos
439 2488 640 2554 fortissimus
658 2491 746 2556 ultor
762 2491 912 2556 habebit.

104 2598 195 2663 illius
212 2595 373 2681 auspiciis
389 2596 549 2660 obsessae
566 2596 701 2660 moenia
718 2617 839 2682 pacem

104 2706 194 2770 victa
210 2714 328 2790 petunt
343 2702 521 2778 Mutinae3
546 2702 726 2768 Pharsalia
743 2704 864 2769 sentiet
879 2703 997 2779 illum3

105 2812 334 2900 Emathiaque
349 2811 471 2877 iterum
489 2809 674 2873 madefient
689 2809 795 2873 caede
812 2808 985 2895 Philippi3

105 2930 138 2986 et
154 2940 320 3006 magnum
336 2917 464 2984 Siculis
481 2937 606 2982 nomen
624 2915 837 3000 superabitur
852 2916 975 2990 undis3
1104 2933 1154 3001 825

63 3042 67 3047 ·
106 3025 325 3112 Romanique
342 3025 439 3090 ducis
456 3024 607 3111 conjunx
624 3021 800 3109 Aegyptia
815 3021 939 3087 taedae

107 3155 174 3199 non
190 3132 279 3198 bene
295 3131 358 3196 fisa
375 3130 494 3195 cadet:
520 3129 711 3216 frustraque
730 3128 793 3193 erit
809 3128 868 3193 illa
883 3127 1027 3206 minata,

109 3238 272 3305 servitura
288 3259 350 3302 suo
362 3234 538 3321 'Capitolia
555 3248 669 3302 nostra
689 3235 847 3319 Canopo.

151 3356 161 3387 ⁴
178 3343 275 3427 Qid
290 3343 349 3408 tibi
366 3341 571 3417 barbariem,
591 3353 712 3429 gentes
730 3343 773 3406 ab
790 3351 933 3427 utroque
946 3339 1100 3427 jacentes

110 3451 250 3519 Oceano
265 3445 466 3514 numerem?
492 3446 746 3534 Quodcumque
765 3438 951 3513 habitabile
969 3448 1069 3512 tellus
1106 3467 1158 3533 830

110 3554 381 3641 sustinet,.hujus
398 3553 480 3627 erit3
505 3563 628 3638 pontus
644 3574 779 3639 quoque
796 3554 920 3619 serviet
937 3553 998 3619 illi.

108 3683 192 3747 pace
209 3662 290 3728 data
305 3659 417 3735 terris,
435 3660 588 3723 animum
606 3659 649 3724 ad
667 3658 780 3724 civilia
796 3670 903 3724 vertet

104 3768 180 3853 jura
197 3788 313 3842 suum,
331 3765 496 3852 legesque
512 3766 598 3830 seret
610 3763 817 3851 justissimus
833 3776 971 3830 auctor:

105 3874 336 3960 exemploque
351 3892 414 3936 suo
429 3892 541 3936 mores
557 3882 669 3960 reget,
688 3870 797 3962 inque
811 3870 924 3939 futuri
