2490 4208
75 171 169 229 x111.
183 173 257 246 853]
392 153 496 242 Song
514 156 563 238 os
574 154 818 244 Polyphemus.
1067 174 1129 240 133

75 352 210 418 arbutei
225 351 334 418 fetusr
358 351 469 418 omnis
485 351 544 417 tibi
561 351 686 417 serviet
702 350 818 416 arbos.
1079 369 1130 422 820

123 461 230 526 ‘Hoc
254 481 360 546 pecus
383 482 484 526 omne
508 482 621 525 meum
638 470 710 525 est:
736 460 862 524 multae
879 479 1016 546 quoque
1032 460 1128 524 valli-

212 568 278 632 bus
293 577 420 643 errant,

74 675 203 738 multas
219 674 306 739 silva
322 673 421 760 tegit,
440 673 567 737 multae
585 673 799 737 stabulantur
815 671 848 736 in
867 672 993 749 antris;

74 801 155 857 nec,
174 778 202 845 si
219 780 303 844 sorte
320 800 435 866 roges,
455 780 583 864 possim
599 779 659 843 tibi
676 779 791 843 dicere
808 789 890 864 quot
906 779 992 844 sint:

74 885 238 974 pauperis
255 895 305 951 est
320 905 502 950 numerare
518 905 636 970 pecus.
686 883 739 948 De
756 883 916 950 laudibus
933 881 1055 950 haru'm

74 993 124 1058 nil
142 990 226 1056 mihi
242 991 448 1056 credideris:
472 1011 637 1076 praesens
654 1000 750 1074 potes
767 990 842 1075 ipsa
857 992 988 1069 videre,
1076 1013 1127 1078 823

74 1109 112 1164 ut
128 1099 188 1163 vix
205 1098 414 1162 circumeant
430 1096 615 1162 distentum
632 1096 788 1161 cruribus
806 1098 902 1162 uber.

74 1215 169 1281 sunt,
186 1204 295 1270 fetura
312 1203 436 1279 minor,
453 1203 577 1287 tepidis
592 1201 628 1265 in
645 1188 790 1268 ovilibus
808 1205 911 1292 agui3

75 1322 156 1376 sunt
171 1331 320 1398 quoque,
339 1330 402 1395 par
417 1320 525 1383 aetas,
544 1309 619 1372 aliis
636 1308 671 1372 in
688 1309 834 1375 ovilibus
852 1312 968 1376 haedi.

74 1419 132 1484 lac
148 1417 233 1481 mihi
249 1437 385 1502 semper
400 1417 497 1481 adest
513 1415 673 1479 niveum:
699 1437 778 1501 pars
795 1417 875 1482 inde
891 1418 1041 1500 bibenda

76 1534 244 1599 servatur,
263 1533 394 1608 partem
411 1520 594 1608 liquefacta
612 1523 760 1609 coagula
777 1524 910 1589 durant.
1075 1541 1128 1607 830

122 1629 226 1696 ‘Nec
241 1629 300 1695 tibi
317 1629 460 1695 deliciae
478 1627 609 1701 faciles,
627 1629 835 1717 vulgataque
852 1641 982 1694 tantum

78 1748 221 1801 munera
238 1736 449 1823 contingent,
467 1735 642 1810 dammae,
660 1736 875 1823 leporesque,
895 1757 1090 1826 caperque,

77 1863 183 1930 parve
199 1843 448 1916 columbarum,
466 1841 667 1926 demptusve
685 1844 863 1907 cacumine
882 1844 994 1908 nidus.

77 1948 192 2014 inveni
209 1949 379 2036 geminos,
396 1948 454 2035 qui
471 1958 584 2013 tecum
602 1949 721 2014 ludere
739 1949 883 2035 possint,

77 2054 164 2121 iuter
179 2076 217 2121 se
233 2054 374 2130 similes,
392 2054 450 2118 vix
468 2064 504 2118 ut
519 2053 723 2141 dignoscere
740 2057 863 2141 possm,
1076 2076 1127 2144 835

76 2161 219 2227 villosae
235 2161 365 2226 catulos
381 2161 415 2224 in
432 2161 575 2225 summis
593 2162 763 2227 montibus
779 2183 902 2239 ursae3

77 2266 206 2343 inveni,
225 2277 257 2332 et
273 2267 344 2333 dixi
360 2266 536 2332 Dammae
551 2269 764 2333 servabimus
780 2269 873 2334 istos.

74 2373 144 2462 jam
163 2374 266 2439 modo
281 2373 441 2439 caeruleo
457 2372 600 2438 nitidum
618 2386 720 2459 caput
737 2396 859 2441 exsere
876 2387 993 2462 pontu,

74 2479 160 2570 jam,
180 2477 338 2557 Galatea,
355 2479 447 2555 veni,
466 2500 530 2544 nec
547 2502 690 2546 munera
706 2482 845 2566 despice
863 2493 990 2547 nostra.

123 2584 251 2652 ‘Certe
267 2607 334 2674 ego
351 2607 405 2652 me
421 2585 513 2663 novi,
529 2586 748 2674 liquidaeque
765 2587 800 2651 in
816 2588 969 2676 imagine
986 2589 1056 2655 vidi
1076 2608 1130 2674 840

77 2713 187 2779 nuper
203 2713 331 2780 aquaer
347 2692 542 2780 placuitque
560 2693 642 2756 mihi
659 2714 738 2758 mea
753 2694 863 2758 forma
879 2695 1020 2760 videnti.

77 2801 208 2888 aspice,
226 2800 290 2866 sim
308 2811 476 2892 quantus:
501 2822 570 2865 non
587 2810 638 2865 est
654 2801 720 2864 hoc
736 2821 879 2886 corpore
895 2801 1005 2889 major

74 2906 231 2993 Juppiter
245 2906 281 2971 in
298 2907 395 2973 eaelo
406 2944 452 2955 —
464 2929 544 2972 nam
560 2929 622 2973 vos
639 2927 779 2972 narrare
796 2907 911 2973 soletis

78 3014 312 3100 nescioquem
329 3034 475 3100 regnare
487 3014 623 3098 Jovem.
673 3011 783 3078 Coma
801 3015 947 3099 plurima
964 3025 1077 3080 torvos

77 3119 248 3205 prominet
262 3117 297 3183 in
312 3120 438 3193 vultus,
457 3122 699 3208 humerosque,
720 3131 755 3184 ut
770 3121 880 3196 lucuS,
899 3122 1091 3187 obumbrat.

78 3246 142 3290 nec
159 3225 242 3289 mihi
259 3226 350 3311 quod
366 3223 485 3312 rigidis
503 3227 640 3292 horrent
656 3226 859 3293 densissima
878 3228 978 3292 saetis

78 3351 235 3417 corpora,
253 3341 351 3419 turpe
368 3343 461 3416 puta.
509 3332 637 3418 Turpis
654 3333 728 3398 sine
745 3333 922 3398 frondibus
941 3335 1062 3409 arbor3

77 3437 185 3523 turpis
202 3457 323 3524 equus,
341 3436 406 3502 nisi
423 3438 512 3502 colla
525 3437 629 3525 jubae
645 3438 806 3504 flaventia
825 3440 960 3514 velent3

78 3543 186 3607 barba
202 3543 293 3607 viros
310 3544 485 3630 hirtaeque
503 3545 626 3609 decent
641 3545 675 3608 in
694 3566 835 3631 corpore
854 3557 981 3612 saetae.
1078 3565 1131 3633 850

79 3671 186 3715 unum
200 3649 305 3714 estin
321 3650 434 3714 media
451 3651 566 3715 lumen
584 3651 667 3714 mihi
685 3652 806 3728 fronte,
826 3654 887 3718 sed
904 3654 1011 3718 instar

80 3755 228 3844 ingentis
244 3756 358 3841 clipei.
408 3754 526 3840 Quid?
550 3778 619 3821 non
637 3758 855 3823 haecomnia
873 3781 1002 3849 magno

81 3863 132 3928 sol
147 3863 240 3929 videt
254 3882 274 3928 e
290 3861 409 3928 caelo?
430 3863 494 3930 soli
511 3873 627 3932 tamen
643 3850 769 3934 unicus
785 3867 896 3936 orbis.
