2490 4208
107 188 169 237 122
324 169 479 256 Ezaalry
503 170 551 254 (ff
563 165 663 255 Asine
685 165 760 231 and
786 162 936 251 Ulysses.
1008 178 1158 252 [Marma

103 390 185 433 nam
202 367 287 431 mihi
304 365 448 432 Laertes
464 376 562 452 pater
576 375 641 440 est,
658 361 823 429 Arcesius
839 359 903 437 illi,
923 441 928 452 ι

98 473 257 560 Juppiter
286 473 387 547 huic3
424 493 535 559 neque
564 471 599 535 in
627 470 680 535 his
707 469 888 557 quisquam
915 467 1100 532 damnatus
1127 475 1160 530 et

239 581 350 646 exsul.
1108 600 1158 657 145

103 698 154 752 est
169 709 307 773 quoque
325 709 387 772 per
404 697 548 751 matrem
565 684 746 773 Cyllenius
763 681 879 748 addita
895 680 994 746 nobis

102 795 209 858 altera
225 794 405 859 nobilitas:
431 795 516 859 deus
533 804 583 858 est
598 793 633 857 in
651 803 793 878 utroque
810 800 963 876 parente.

150 910 158 940 ‘
175 900 247 965 Sed
263 922 374 986 neque
391 912 547 965 materno
563 899 656 986 quod
672 921 748 964 sum
766 895 965 985 generosior
980 904 1069 969 ortu,

102 1028 166 1071 nec
183 1006 266 1070 mihi
283 1007 375 1094 quod
392 1018 488 1092 pater
505 1018 556 1071 est
572 1005 709 1071 fraterni
727 1003 907 1092 sanguinis
923 1002 1055 1077 insons,

102 1114 274 1198 proposita
292 1135 386 1178 arma
403 1125 502 1199 peto:
529 1113 657 1195 meritis
674 1109 857 1196 expendite
874 1129 1028 1173 causum.
1106 1132 1159 1193 150

102 1220 288 1285 dummodo
305 1220 397 1305 quod
413 1222 534 1285 fratres
550 1220 721 1284 Telamon
738 1217 930 1302 Peleusque
948 1214 1088 1280 fuerunt

101 1325 220 1413 Ajacis
239 1328 396 1391 meritum
414 1350 482 1392 non
500 1329 554 1403 sit,
573 1347 638 1391 nec
654 1323 835 1412 sanguinis
849 1323 949 1399 ordo,

101 1433 163 1497 sed
180 1433 311 1498 virtutis
328 1434 438 1499 honor
454 1434 572 1519 spoliis
588 1444 772 1520 quaeratur
788 1431 824 1494 in
840 1430 925 1496 istis.

102 1551 160 1603 aut
172 1539 253 1604 -si
270 1540 471 1624 proximitas
488 1540 687 1626 primusque
704 1539 885 1624 requiritur
901 1537 1056 1603 heres·-

102 1656 153 1710 est
168 1646 302 1733 genitor
319 1645 456 1722 Peleus,
475 1657 527 1711 est
543 1646 697 1734 Pyrrhus
714 1645 804 1710 filius
820 1645 881 1710 illi.
1108 1672 1157 1731 ³55

101 1752 177 1837 quis
194 1753 288 1818 locus
304 1752 428 1840 Ajaci?
452 1753 613 1818 Phthiam
631 1754 718 1817 haec
734 1752 914 1838 Scyronve
930 1752 1098 1817 serantur.

102 1879 167 1923 nec
182 1859 294 1923 minus
312 1871 362 1924 est
378 1860 442 1924 isto
458 1860 596 1925 Teucer
611 1859 774 1945 patruelis
791 1857 943 1924 Achillir

102 1986 184 2028 num
201 1966 283 2050 petit
298 1966 355 2030 ille
372 1966 507 2031 tamen?
523 1988 615 2044 num,
626 1968 653 2032 si
664 1978 770 2052 petat,
789 1965 920 2030 auferat
936 1965 1019 2030 illa?

101 2092 185 2158 ergo
202 2093 344 2156 operum
360 2072 522 2158 quoniam
539 2075 668 2138 nudum
688 2085 862 2138 certamen
880 2073 1038 2148 habetur,

101 2178 200 2261 plura
216 2177 353 2264 quidem
371 2179 435 2243 feci
452 2200 555 2266 quam
572 2200 661 2265 quae
677 2179 924 2265 comprendere
942 2178 1041 2244 dietis
1106 2195 1161 2250 160

101 2282 136 2347 in
152 2295 311 2369 promptu
328 2284 412 2349 mihi
429 2286 492 2359 sit3
517 2307 630 2350 rerum
647 2296 763 2350 tamen
780 2286 900 2352 ordine
917 2287 1037 2351 ducar.

149 2388 334 2456 ‘Praescia
351 2392 483 2456 venturi
501 2392 650 2480 genitrix
665 2392 795 2458 Nereia
813 2392 870 2458 leti

101 2496 292 2561 dissimulat
309 2498 399 2562 cultu
417 2509 556 2562 natum:
582 2500 765 2584 deceperat
780 2521 914 2575 omnes,

99 2602 272 2689 inquibus
290 2602 450 2691 Ajacem,
469 2618 623 2690 sumptae
640 2605 778 2670 fallacia
796 2607 909 2672 vestis.

102 2728 197 2773 arma
214 2730 280 2796 ego
298 2709 468 2787 femineis,
487 2710 639 2775 animum
658 2723 790 2779 motura
807 2712 954 2789 virilem,
1106 2731 1157 2801 165

102 2816 271 2881 mercibus
288 2816 428 2881 inserui.
477 2817 602 2905 Neque
620 2820 735 2885 adhuc
752 2821 943 2909 projecerat
960 2822 1062 2887 heros

99 2922 273 3008 virgineos
290 2922 438 2997 habitus,
455 2945 535 2989 cum
552 2946 707 3009 parmam
726 2929 929 3013 hastamque
944 2927 1073 2993 tenenti

99 3027 200 3093 Nata
217 3029 282 3092 dea
301 3029 410 3116 (dixi)
429 3031 496 3094 tr'bz'
508 3053 544 3094 se
554 3034 722 3117 pcrz'tma
739 3042 921 3097 reservant

98 3133 289 3219 Pergarrra.
338 3135 440 3220 ,Quid
453 3138 590 3204 dubitas
608 3141 780 3226 ingentem
797 3151 952 3207 evertere
974 3140 1010 3208 T
1004 3143 1119 3230 rojam
1133 3140 1157 3209 P

97 3239 267 3326 injecique
285 3262 437 3318 manum,
457 3245 647 3332 fortemque
666 3246 709 3313 ad
725 3247 825 3313 sortia
842 3248 931 3313 misi.
1104 3279 1154 3332 170

99 3368 183 3432 ergo
200 3368 305 3431 opera
322 3348 412 3414 illius
429 3372 507 3415 mea
523 3362 612 3415 sunt
659 3351 736 3440 Ego
752 3354 935 3440 Telephon
952 3356 1051 3421 hasta

98 3465 310 3539 pugnantem
329 3456 465 3530 domui3
492 3457 618 3522 victum
635 3471 856 3547 orantemque
874 3462 991 3526 refeci.

97 3559 188 3644 quod
199 3559 344 3625 Thebae
359 3561 527 3639 cecidere,
543 3585 659 3629 meum
673 3576 734 3629 est.
780 3566 842 3631 Me
855 3568 983 3632 credite
996 3566 1149 3644 Lesbon,

99 3687 152 3728 mc
169 3666 351 3742 Tenedon,
371 3667 612 3755 Chrysenque,
630 3681 663 3734 et
679 3669 807 3748 Cillan,
826 3671 999 3758 Apollinis
1016 3675 1133 3747 urbes,

97 3782 130 3835 et
147 3771 283 3859 Scyron
301 3772 448 3858 cepisse.
496 3774 579 3839 Mea
597 3796 765 3841 concussa
782 3790 898 3861 putate
1102 3808 1149 3865 ¹75

83 3879 320 3960 procubuisse
334 3879 410 3947 solo
426 3878 600 3969 Lyrnesia
616 3882 752 3948 moenia
767 3883 901 3951 dextra.
