2490 4208
98 187 158 243 111.
177 170 208 256 3,
220 186 279 258 54]
365 168 435 237 The
457 157 697 236 Exile‘s'Sr‘ck
725 166 910 237 Chamber.

99 365 140 433 Si
153 366 225 454 jam
242 365 414 442 deficiam,
432 367 683 453 subpressaque
699 365 820 454 lingua
835 365 952 452 palato
991 364 1010 391 '¹

144 471 216 539 Vix
231 471 392 538 instillato
407 473 615 538 restituenda
631 494 739 549 mer0,

100 578 244 646 Nuntiet
258 579 326 643 huc
343 578 466 664 aliquis
481 578 656 644 dominam
671 578 822 655 uenisse,
840 598 1032 666 resurgam,

145 676 302 773 Spesque
318 683 366 748 tui
383 683 482 748 nobis
499 705 604 749 causa
619 679 747 772 vigoris
764 684 838 749 erit.

100 792 197 880 Ergo
214 813 279 878 ego
296 812 372 856 sum
388 789 513 855 dubius
529 789 633 866 vitae,
651 801 688 854 tu
704 789 845 855 forsitan
861 789 936 855 istic

142 897 340 985 Jucundum
357 895 462 962 nostri
479 894 596 960 nescia
612 906 748 982 tempus
765 893 864 983 agis?

100 1003 184 1070 Non
201 1003 290 1091 agis,
308 1003 472 1069 adfirmo:
497 1001 603 1089 liquet
619 1001 699 1077 hoc,
717 1002 907 1079 carissima,
925 1001 1038 1079 nobis,

129 1109 300 1196 'Tempus
317 1109 375 1197 agi
391 1109 465 1175 sine
482 1129 536 1174 me
552 1129 622 1173 uon
638 1107 703 1172 nisi
720 1107 813 1173 triste
829 1109 901 1173 tibi.

101 1214 272 1282 stramen
289 1216 442 1302 implevit
457 1236 534 1281 mea
551 1237 636 1290 sors,
654 1235 742 1301 quos
759 1215 888 1292 debuit,
906 1235 1029 1292 annos,
1147 1268 1150 1272 r

146 1321 192 1387 Et
207 1322 289 1386 mihi
305 1322 442 1388 vivendi
458 1332 528 1387 tam
545 1321 611 1388 cito
627 1319 705 1386 finis
722 1321 839 1385 adest:

102 1427 281 1514 Quantum
298 1439 382 1506 erat,
400 1429 434 1495 Ο
450 1427 582 1516 magni,
600 1427 762 1493 morituro
779 1447 935 1512 parcere,
954 1426 1048 1504 Divi,

147 1535 196 1601 Ut
211 1536 331 1601 saltem
348 1535 457 1621 patria
474 1535 727 1602 contumularer
743 1531 871 1598 humo?
988 1518 991 1524 ’

101 1640 168 1709 Vel
185 1661 295 1728 poena
311 1642 347 1709 in
363 1652 497 1727 tempus
513 1641 630 1708 mortis
645 1641 751 1707 dilata
768 1639 899 1716 fuisset,

145 1746 214 1814 Vel
229 1747 460 1834 praecepisset
475 1770 567 1814 mors
583 1758 763 1835 properata
781 1746 914 1833 lugam.

103 1854 241 1942 Integer
257 1854 347 1920 hanc
363 1856 456 1941 potui
472 1876 582 1940 nuper
597 1855 685 1920 bene
701 1854 845 1919 reddere
862 1852 997 1918 lucem:

129 1982 132 1989 ·
145 1959 255 2026 Exsul
270 1970 308 2027 ut
322 1961 528 2037 occiderem,
546 1982 638 2027 nunc
654 1960 737 2025 mihi
753 1961 822 2024 vita
839 1959 919 2023 data
935 1969 999 2026 est.

102 2065 192 2133 Tam
209 2067 327 2152 procul
343 2067 468 2155 ignotis
484 2067 587 2155 igitur
604 2069 788 2135 moriemur
802 2066 839 2132 in
854 2065 937 2143 oris,

146 2172 192 2239 Et
206 2174 288 2239 fient
303 2173 377 2260 ipso
393 2174 498 2239 tristia
514 2175 583 2240 sata
599 2173 698 2240 loco?

104 2278 180 2345 Nec
194 2300 273 2345 mea
288 2290 450 2346 consueto
466 2281 691 2367 languescent
706 2300 850 2366 corpora
866 2278 978 2347 lecto?

147 2385 349 2472 Depositum
366 2406 430 2452 nec
447 2407 502 2452 me
517 2387 576 2474 qui
591 2387 684 2464 fleat,
701 2385 892 2452 alluserit?

104 2489 179 2558 Nec
195 2493 355 2559 dominae
371 2491 521 2558 lacrimis
535 2493 571 2557 in
588 2503 703 2559 nostra
719 2494 919 2561 cadentibus
935 2515 996 2561 ora

145 2597 325 2664 Accedent
340 2599 475 2664 animae
490 2610 645 2685 tempora
661 2621 767 2686 parva
784 2602 905 2668 meae?

104 2703 180 2770 Nec
197 2705 359 2769 mandata
375 2705 477 2781 dabo,
495 2725 560 2770 nec
576 2726 655 2771 cum
672 2708 822 2776 clamore
839 2731 1000 2797 supremo

145 2809 320 2876 Labentes
335 2811 453 2877 oculos
468 2813 592 2878 condet
608 2813 719 2880 amica
735 2816 882 2883 manus?

102 2915 174 2984 Sed
190 2915 263 2981 siue
279 2916 455 2982 funeribus
471 2930 575 3003 caput
591 2920 670 2998 hoc,
689 2922 763 2988 sine
779 2924 909 2989 honore
925 2922 1074 3009 sepulcri
1114 2953 1149 3011 43

145 3022 403 3107 Indeploratum
418 3023 565 3090 barbara
581 3038 671 3095 terra
686 3028 802 3116 teget?
1238 3012 1241 3017 ⁸

97 3125 250 3215 Ecquid,
267 3139 304 3195 ut
320 3129 482 3206 audieris,
498 3141 568 3198 tota
584 3135 764 3200 turbabere
781 3146 908 3212 mente,

144 3234 192 3300 Et
207 3234 308 3302 feries
324 3236 449 3321 pavida
465 3251 604 3323 pectora
619 3241 689 3306 fida
705 3238 832 3306 mauu?

92 3339 249 3427 Ecquid,
266 3340 303 3406 in
319 3343 382 3409 has
397 3343 522 3411 frustra
537 3346 681 3412 tendens
696 3358 755 3412 tua
770 3347 934 3414 bracchia
950 3359 1077 3435 partes,
1138 3397 1141 3401 -

144 3444 456 3516 Clamabis'miseri
474 3473 599 3518 nomen
615 3453 717 3519 inane
733 3453 819 3520 viri?
1100 3499 1102 3502 ·
1116 3485 1151 3543 50

91 3548 342 3622 Parce‘tamen
358 3557 511 3623 lacerare
528 3579 650 3646 genas,
668 3580 732 3625 nec
749 3561 867 3626 scinde
884 3561 1049 3647 capillos:
1229 3546 1232 3551 ⁴

144 3660 227 3728 Non
242 3661 303 3727 tibi
319 3682 412 3728 nunc
427 3663 588 3749 primum,
607 3666 667 3729 lux
684 3686 774 3741 mea,
792 3677 910 3753 raptus
926 3689 997 3734 ero.

94 3767 192 3834 Cum
208 3766 354 3852 patriam
371 3769 482 3845 amisi,
499 3780 581 3835 tunc
597 3792 652 3836 me
668 3771 809 3856 periisse
825 3784 964 3858 putat03

145 3872 197 3957 Et.
203 3872 299 3960 prior
313 3884 346 3940 et
357 3875 500 3964 gravior
513 3898 608 3945 mors
623 3877 688 3946 suit
701 3877 765 3949 illa
779 3861 883 3949 milii.
