<?xml version="1.0" encoding="UTF-8"?>
<!DOCTYPE html PUBLIC "-//W3C//DTD XHTML 1.0 Transitional//EN"
    "http://www.w3.org/TR/xhtml1/DTD/xhtml1-transitional.dtd">
<html xmlns="http://www.w3.org/1999/xhtml" xml:lang="en" lang="en">
 <head>
  <title>
</title>
<meta http-equiv="Content-Type" content="text/html;charset=utf-8" />
  <meta name='ocr-system' content='tesseract 3.04.00' />
  <meta name='ocr-capabilities' content='ocr_page ocr_carea ocr_par ocr_line ocrx_word'/>
</head>
<body>
  <div class='ocr_page' id='page_1' title='image "./publiovidiinaso00allegoog_0402.png"; bbox 0 0 2490 4208; ppageno 0'>
   <div class='ocr_carea' id='block_1_1' title="bbox 85 128 1136 274">
    <p class='ocr_par' dir='ltr' id='par_1_1' title="bbox 85 128 1136 274">
     <span class='ocr_line' id='line_1_1' title="bbox 85 128 1136 274; baseline -0.016 -15"><span class='ocrx_word' id='word_1_1' title='bbox 85 204 137 259; x_wconf 82' lang='lat' dir='ltr'>lv.</span> <span class='ocrx_word' id='word_1_2' title='bbox 153 128 193 271; x_wconf 78' lang='lat' dir='ltr'>io,</span> <span class='ocrx_word' id='word_1_3' title='bbox 207 202 263 274; x_wconf 69' lang='grc' dir='ltr'>δᾶ]</span> <span class='ocrx_word' id='word_1_4' title='bbox 358 181 430 249; x_wconf 78' lang='lat' dir='ltr'>The</span> <span class='ocrx_word' id='word_1_5' title='bbox 451 180 565 248; x_wconf 81' lang='lat' dir='ltr'>Poet’s</span> <span class='ocrx_word' id='word_1_6' title='bbox 586 180 888 270; x_wconf 75' lang='lat' dir='ltr'>Autobabgraphy.</span> <span class='ocrx_word' id='word_1_7' title='bbox 945 150 948 155; x_wconf 27' lang='lat'>⁵</span> <span class='ocrx_word' id='word_1_8' title='bbox 1074 177 1136 243; x_wconf 86' lang='lat'>181</span> 
     </span>
    </p>
   </div>
   <div class='ocr_carea' id='block_1_2' title="bbox 73 375 1189 4000">
    <p class='ocr_par' dir='ltr' id='par_1_2' title="bbox 73 375 1189 4000">
     <span class='ocr_line' id='line_1_2' title="bbox 83 375 972 463; baseline -0.011 -13"><span class='ocrx_word' id='word_1_9' title='bbox 83 384 275 450; x_wconf 83' lang='lat' dir='ltr'>Successor</span> <span class='ocrx_word' id='word_1_10' title='bbox 292 378 355 445; x_wconf 87' lang='lat' dir='ltr'>fuit</span> <span class='ocrx_word' id='word_1_11' title='bbox 372 379 429 444; x_wconf 93' lang='lat' dir='ltr'>hic</span> <span class='ocrx_word' id='word_1_12' title='bbox 445 377 517 455; x_wconf 92' lang='lat' dir='ltr'>tibi,</span> <span class='ocrx_word' id='word_1_13' title='bbox 537 378 660 454; x_wconf 87' lang='lat' dir='ltr'>Galle;</span> <span class='ocrx_word' id='word_1_14' title='bbox 684 377 881 463; x_wconf 83' lang='lat' dir='ltr'><strong>Propertius</strong></span> <span class='ocrx_word' id='word_1_15' title='bbox 897 375 972 450; x_wconf 72' lang='lat' dir='ltr'>illi3</span> 
     </span>
     <span class='ocr_line' id='line_1_3' title="bbox 130 484 866 577; baseline -0.012 -22"><span class='ocrx_word' id='word_1_16' title='bbox 130 491 283 577; x_wconf 69' lang='lat' dir='ltr'>Quartus</span> <span class='ocrx_word' id='word_1_17' title='bbox 301 488 345 552; x_wconf 88' lang='lat' dir='ltr'>ab</span> <span class='ocrx_word' id='word_1_18' title='bbox 362 487 416 552; x_wconf 87' lang='lat' dir='ltr'>his</span> <span class='ocrx_word' id='word_1_19' title='bbox 433 487 520 552; x_wconf 88' lang='lat' dir='ltr'>serie</span> <span class='ocrx_word' id='word_1_20' title='bbox 536 486 697 570; x_wconf 88' lang='lat' dir='ltr'>temporis</span> <span class='ocrx_word' id='word_1_21' title='bbox 714 484 788 569; x_wconf 90' lang='lat' dir='ltr'>ipse</span> <span class='ocrx_word' id='word_1_22' title='bbox 805 484 866 547; x_wconf 90' lang='lat' dir='ltr'>sui.</span> 
     </span>
     <span class='ocr_line' id='line_1_4' title="bbox 81 592 1138 687; baseline -0.006 -23"><span class='ocrx_word' id='word_1_23' title='bbox 81 600 198 687; x_wconf 88' lang='lat' dir='ltr'>thue</span> <span class='ocrx_word' id='word_1_24' title='bbox 215 618 285 687; x_wconf 86' lang='lat' dir='ltr'>ego</span> <span class='ocrx_word' id='word_1_25' title='bbox 299 595 461 682; x_wconf 88' lang='lat' dir='ltr'>majores,</span> <span class='ocrx_word' id='word_1_26' title='bbox 479 593 530 658; x_wconf 89' lang='lat' dir='ltr'>sic</span> <span class='ocrx_word' id='word_1_27' title='bbox 547 614 601 656; x_wconf 86' lang='lat' dir='ltr'>me</span> <span class='ocrx_word' id='word_1_28' title='bbox 617 592 756 657; x_wconf 88' lang='lat' dir='ltr'>coluere</span> <span class='ocrx_word' id='word_1_29' title='bbox 772 592 935 666; x_wconf 87' lang='lat' dir='ltr'>minores,</span> <span class='ocrx_word' id='word_1_30' title='bbox 1106 619 1138 677; x_wconf 79' lang='lat'>55</span> 
     </span>
     <span class='ocr_line' id='line_1_5' title="bbox 129 695 917 790; baseline -0.016 -20"><span class='ocrx_word' id='word_1_31' title='bbox 129 704 291 790; x_wconf 89' lang='lat' dir='ltr'>Notaque</span> <span class='ocrx_word' id='word_1_32' title='bbox 308 722 376 766; x_wconf 90' lang='lat' dir='ltr'>non</span> <span class='ocrx_word' id='word_1_33' title='bbox 394 698 491 762; x_wconf 90' lang='lat' dir='ltr'>tarde</span> <span class='ocrx_word' id='word_1_34' title='bbox 509 696 600 761; x_wconf 84' lang='lat' dir='ltr'>facta</span> <span class='ocrx_word' id='word_1_35' title='bbox 615 695 744 759; x_wconf 87' lang='lat' dir='ltr'>Thalia</span> <span class='ocrx_word' id='word_1_36' title='bbox 760 715 838 759; x_wconf 86' lang='lat' dir='ltr'>mea</span> <span class='ocrx_word' id='word_1_37' title='bbox 854 704 917 761; x_wconf 86' lang='lat' dir='ltr'>est.</span> 
     </span>
     <span class='ocr_line' id='line_1_6' title="bbox 82 801 1036 895; baseline -0.01 -19"><span class='ocrx_word' id='word_1_38' title='bbox 82 810 251 877; x_wconf 83' lang='lat' dir='ltr'>Carmina</span> <span class='ocrx_word' id='word_1_39' title='bbox 266 831 344 876; x_wconf 87' lang='lat' dir='ltr'>cum</span> <span class='ocrx_word' id='word_1_40' title='bbox 361 808 510 895; x_wconf 86' lang='lat' dir='ltr'>primum</span> <span class='ocrx_word' id='word_1_41' title='bbox 527 805 655 891; x_wconf 86' lang='lat' dir='ltr'>populo</span> <span class='ocrx_word' id='word_1_42' title='bbox 668 803 836 890; x_wconf 86' lang='lat' dir='ltr'>juvenilia</span> <span class='ocrx_word' id='word_1_43' title='bbox 851 801 940 891; x_wconf 80' lang='lat' dir='ltr'>legi,</span> <span class='ocrx_word' id='word_1_44' title='bbox 1033 850 1036 857; x_wconf 86' lang='lat'>.</span> 
     </span>
     <span class='ocr_line' id='line_1_7' title="bbox 130 910 865 982; baseline -0.012 0"><span class='ocrx_word' id='word_1_45' title='bbox 130 916 246 982; x_wconf 90' lang='lat' dir='ltr'>Barba</span> <span class='ocrx_word' id='word_1_46' title='bbox 262 928 393 982; x_wconf 83' lang='lat' dir='ltr'>resecta</span> <span class='ocrx_word' id='word_1_47' title='bbox 409 914 495 980; x_wconf 80' lang='lat' dir='ltr'>mihi</span> <span class='ocrx_word' id='word_1_48' title='bbox 509 913 606 979; x_wconf 90' lang='lat' dir='ltr'>bisve</span> <span class='ocrx_word' id='word_1_49' title='bbox 623 911 775 977; x_wconf 85' lang='lat' dir='ltr'>semelve</span> <span class='ocrx_word' id='word_1_50' title='bbox 790 910 865 977; x_wconf 84' lang='lat' dir='ltr'>suit.</span> 
     </span>
     <span class='ocr_line' id='line_1_8' title="bbox 83 1019 941 1112; baseline -0.005 -23"><span class='ocrx_word' id='word_1_51' title='bbox 83 1021 244 1089; x_wconf 87' lang='lat' dir='ltr'>Moverat</span> <span class='ocrx_word' id='word_1_52' title='bbox 258 1023 439 1112; x_wconf 82' lang='lat' dir='ltr'>ingenium</span> <span class='ocrx_word' id='word_1_53' title='bbox 453 1032 561 1088; x_wconf 90' lang='lat' dir='ltr'>totam</span> <span class='ocrx_word' id='word_1_54' title='bbox 577 1031 714 1085; x_wconf 87' lang='lat' dir='ltr'>cantata</span> <span class='ocrx_word' id='word_1_55' title='bbox 730 1041 792 1105; x_wconf 83' lang='lat' dir='ltr'>per</span> <span class='ocrx_word' id='word_1_56' title='bbox 808 1019 941 1086; x_wconf 89' lang='lat' dir='ltr'>Urbem</span> 
     </span>
     <span class='ocr_line' id='line_1_9' title="bbox 129 1126 1138 1201; baseline -0.009 -5"><span class='ocrx_word' id='word_1_57' title='bbox 129 1129 281 1196; x_wconf 90' lang='lat' dir='ltr'>Nomine</span> <span class='ocrx_word' id='word_1_58' title='bbox 297 1152 367 1197; x_wconf 87' lang='lat' dir='ltr'>non</span> <span class='ocrx_word' id='word_1_59' title='bbox 382 1151 464 1196; x_wconf 81' lang='lat' dir='ltr'>vero</span> <span class='ocrx_word' id='word_1_60' title='bbox 479 1128 573 1195; x_wconf 83' lang='lat' dir='ltr'>dieta</span> <span class='ocrx_word' id='word_1_61' title='bbox 589 1126 744 1194; x_wconf 83' lang='lat' dir='ltr'>Corinna</span> <span class='ocrx_word' id='word_1_62' title='bbox 761 1126 858 1196; x_wconf 83' lang='lat' dir='ltr'>milti.</span> <span class='ocrx_word' id='word_1_63' title='bbox 1102 1147 1138 1201; x_wconf 73' lang='lat'>60</span> 
     </span>
     <span class='ocr_line' id='line_1_10' title="bbox 83 1232 995 1323; baseline 0.003 -22"><span class='ocrx_word' id='word_1_64' title='bbox 83 1236 197 1302; x_wconf 88' lang='lat' dir='ltr'>Multa</span> <span class='ocrx_word' id='word_1_65' title='bbox 214 1236 352 1323; x_wconf 89' lang='lat' dir='ltr'>quidem</span> <span class='ocrx_word' id='word_1_66' title='bbox 368 1235 511 1322; x_wconf 83' lang='lat' dir='ltr'>scripsi3</span> <span class='ocrx_word' id='word_1_67' title='bbox 537 1235 601 1301; x_wconf 84' lang='lat' dir='ltr'>sed</span> <span class='ocrx_word' id='word_1_68' title='bbox 616 1255 706 1321; x_wconf 85' lang='lat' dir='ltr'>quae</span> <span class='ocrx_word' id='word_1_69' title='bbox 720 1232 843 1303; x_wconf 80' lang='lat' dir='ltr'>vitiosa</span> <span class='ocrx_word' id='word_1_70' title='bbox 859 1235 995 1322; x_wconf 84' lang='lat' dir='ltr'>putavi,</span> 
     </span>
     <span class='ocr_line' id='line_1_11' title="bbox 128 1341 1134 1437; baseline -0.004 -27"><span class='ocrx_word' id='word_1_71' title='bbox 128 1343 369 1410; x_wconf 86' lang='lat' dir='ltr'>Emendaturis</span> <span class='ocrx_word' id='word_1_72' title='bbox 384 1343 523 1432; x_wconf 83' lang='lat' dir='ltr'>ignibus</span> <span class='ocrx_word' id='word_1_73' title='bbox 540 1343 614 1427; x_wconf 89' lang='lat' dir='ltr'>ipse</span> <span class='ocrx_word' id='word_1_74' title='bbox 632 1341 727 1409; x_wconf 84' lang='lat' dir='ltr'>dedi.</span> <span class='ocrx_word' id='word_1_75' title='bbox 951 1341 1134 1437; x_wconf 58' lang='lat' dir='ltr'>[cremavi</span> 
     </span>
     <span class='ocr_line' id='line_1_12' title="bbox 82 1448 1136 1537; baseline 0.002 -23"><span class='ocrx_word' id='word_1_76' title='bbox 82 1448 186 1515; x_wconf 91' lang='lat' dir='ltr'>Tunc</span> <span class='ocrx_word' id='word_1_77' title='bbox 223 1470 373 1537; x_wconf 87' lang='lat' dir='ltr'>quoque,</span> <span class='ocrx_word' id='word_1_78' title='bbox 417 1470 495 1516; x_wconf 89' lang='lat' dir='ltr'>cum</span> <span class='ocrx_word' id='word_1_79' title='bbox 534 1449 706 1536; x_wconf 78' lang='lat' dir='ltr'>lugerem,</span> <span class='ocrx_word' id='word_1_80' title='bbox 746 1448 922 1535; x_wconf 83' lang='lat' dir='ltr'>quaedam</span> <span class='ocrx_word' id='word_1_81' title='bbox 967 1450 1136 1535; x_wconf 85' lang='lat' dir='ltr'>placitura</span> 
     </span>
     <span class='ocr_line' id='line_1_13' title="bbox 127 1554 1189 1641; baseline 0.003 -21"><span class='ocrx_word' id='word_1_82' title='bbox 127 1555 237 1620; x_wconf 89' lang='lat' dir='ltr'>Iratus</span> <span class='ocrx_word' id='word_1_83' title='bbox 255 1556 367 1621; x_wconf 88' lang='lat' dir='ltr'>studio</span> <span class='ocrx_word' id='word_1_84' title='bbox 382 1555 661 1641; x_wconf 84' lang='lat' dir='ltr'>carminibusque</span> <span class='ocrx_word' id='word_1_85' title='bbox 678 1554 780 1621; x_wconf 83' lang='lat' dir='ltr'>meis.</span> <span class='ocrx_word' id='word_1_86' title='bbox 1186 1560 1189 1565; x_wconf 81' lang='grc'><em>’</em></span> 
     </span>
     <span class='ocr_line' id='line_1_14' title="bbox 83 1661 1134 1750; baseline 0.007 -22"><span class='ocrx_word' id='word_1_87' title='bbox 83 1662 192 1728; x_wconf 91' lang='lat' dir='ltr'>Molle</span> <span class='ocrx_word' id='word_1_88' title='bbox 209 1661 411 1748; x_wconf 84' lang='lat' dir='ltr'>Cupidineis</span> <span class='ocrx_word' id='word_1_89' title='bbox 428 1683 494 1729; x_wconf 85' lang='lat' dir='ltr'>nec</span> <span class='ocrx_word' id='word_1_90' title='bbox 510 1661 782 1750; x_wconf 83' lang='lat' dir='ltr'>inexpugnabile</span> <span class='ocrx_word' id='word_1_91' title='bbox 798 1662 881 1732; x_wconf 81' lang='lat' dir='ltr'>telis</span> <span class='ocrx_word' id='word_1_92' title='bbox 1101 1680 1134 1750; x_wconf 76' lang='lat'>⁶5</span> 
     </span>
     <span class='ocr_line' id='line_1_15' title="bbox 126 1768 1001 1855; baseline -0.002 -20"><span class='ocrx_word' id='word_1_93' title='bbox 126 1768 198 1835; x_wconf 89' lang='lat' dir='ltr'>Cor</span> <span class='ocrx_word' id='word_1_94' title='bbox 214 1769 310 1845; x_wconf 86' lang='lat' dir='ltr'>mihi,</span> <span class='ocrx_word' id='word_1_95' title='bbox 329 1769 488 1855; x_wconf 91' lang='lat' dir='ltr'>quodque</span> <span class='ocrx_word' id='word_1_96' title='bbox 504 1769 589 1835; x_wconf 86' lang='lat' dir='ltr'>levis</span> <span class='ocrx_word' id='word_1_97' title='bbox 606 1788 711 1833; x_wconf 80' lang='lat' dir='ltr'>causa</span> <span class='ocrx_word' id='word_1_98' title='bbox 728 1780 896 1845; x_wconf 78' lang='lat' dir='ltr'>moveret,</span> <span class='ocrx_word' id='word_1_99' title='bbox 912 1778 1001 1836; x_wconf 82' lang='lat' dir='ltr'>erat..</span> 
     </span>
     <span class='ocr_line' id='line_1_16' title="bbox 83 1874 1089 1966; baseline 0.003 -25"><span class='ocrx_word' id='word_1_100' title='bbox 83 1874 175 1943; x_wconf 87' lang='lat' dir='ltr'>Cum</span> <span class='ocrx_word' id='word_1_101' title='bbox 190 1884 309 1943; x_wconf 80' lang='lat' dir='ltr'>tamen</span> <span class='ocrx_word' id='word_1_102' title='bbox 322 1875 378 1940; x_wconf 86' lang='lat' dir='ltr'>hic</span> <span class='ocrx_word' id='word_1_103' title='bbox 394 1896 520 1950; x_wconf 82' lang='lat' dir='ltr'>essem,</span> <span class='ocrx_word' id='word_1_104' title='bbox 538 1875 750 1962; x_wconf 85' lang='lat' dir='ltr'>minimoque</span> <span class='ocrx_word' id='word_1_105' title='bbox 767 1876 977 1943; x_wconf 85' lang='lat' dir='ltr'>accenderer</span> <span class='ocrx_word' id='word_1_106' title='bbox 992 1876 1089 1966; x_wconf 87' lang='lat' dir='ltr'>igne,</span> 
     </span>
     <span class='ocr_line' id='line_1_17' title="bbox 126 1981 826 2050; baseline 0 -3"><span class='ocrx_word' id='word_1_107' title='bbox 126 1981 276 2047; x_wconf 90' lang='lat' dir='ltr'>Nomine</span> <span class='ocrx_word' id='word_1_108' title='bbox 294 1982 358 2046; x_wconf 93' lang='lat' dir='ltr'>sub</span> <span class='ocrx_word' id='word_1_109' title='bbox 374 1992 488 2048; x_wconf 88' lang='lat' dir='ltr'>nostro</span> <span class='ocrx_word' id='word_1_110' title='bbox 505 1981 623 2049; x_wconf 78' lang='lat' dir='ltr'>sabula</span> <span class='ocrx_word' id='word_1_111' title='bbox 640 1983 735 2047; x_wconf 85' lang='lat' dir='ltr'>nulla</span> <span class='ocrx_word' id='word_1_112' title='bbox 752 1982 826 2050; x_wconf 84' lang='lat' dir='ltr'>suit.</span> 
     </span>
     <span class='ocr_line' id='line_1_18' title="bbox 83 2086 993 2179; baseline 0.005 -27"><span class='ocrx_word' id='word_1_113' title='bbox 83 2086 200 2153; x_wconf 89' lang='lat' dir='ltr'>Paene</span> <span class='ocrx_word' id='word_1_114' title='bbox 217 2087 302 2157; x_wconf 86' lang='lat' dir='ltr'>mibi</span> <span class='ocrx_word' id='word_1_115' title='bbox 316 2109 424 2179; x_wconf 81' lang='lat' dir='ltr'>puero</span> <span class='ocrx_word' id='word_1_116' title='bbox 439 2109 505 2155; x_wconf 86' lang='lat' dir='ltr'>nec</span> <span class='ocrx_word' id='word_1_117' title='bbox 520 2088 632 2176; x_wconf 88' lang='lat' dir='ltr'>digna</span> <span class='ocrx_word' id='word_1_118' title='bbox 645 2110 711 2155; x_wconf 89' lang='lat' dir='ltr'>nec</span> <span class='ocrx_word' id='word_1_119' title='bbox 726 2089 818 2156; x_wconf 87' lang='lat' dir='ltr'>utilis</span> <span class='ocrx_word' id='word_1_120' title='bbox 835 2110 925 2157; x_wconf 86' lang='lat' dir='ltr'>uxor</span> <span class='ocrx_word' id='word_1_121' title='bbox 986 2160 993 2178; x_wconf 81' lang='lat'><strong>.</strong></span> 
     </span>
     <span class='ocr_line' id='line_1_19' title="bbox 125 2193 1136 2283; baseline 0.004 -25"><span class='ocrx_word' id='word_1_122' title='bbox 125 2193 189 2259; x_wconf 85' lang='lat' dir='ltr'>Est</span> <span class='ocrx_word' id='word_1_123' title='bbox 204 2194 295 2270; x_wconf 88' lang='lat' dir='ltr'>data,</span> <span class='ocrx_word' id='word_1_124' title='bbox 313 2215 401 2282; x_wconf 88' lang='lat' dir='ltr'>quae</span> <span class='ocrx_word' id='word_1_125' title='bbox 417 2205 552 2280; x_wconf 84' lang='lat' dir='ltr'>tempus</span> <span class='ocrx_word' id='word_1_126' title='bbox 569 2216 631 2280; x_wconf 81' lang='lat' dir='ltr'>per</span> <span class='ocrx_word' id='word_1_127' title='bbox 646 2196 752 2263; x_wconf 89' lang='lat' dir='ltr'>breve</span> <span class='ocrx_word' id='word_1_128' title='bbox 767 2207 874 2283; x_wconf 84' lang='lat' dir='ltr'>nupta</span> <span class='ocrx_word' id='word_1_129' title='bbox 891 2197 964 2265; x_wconf 86' lang='lat' dir='ltr'>suit.</span> <span class='ocrx_word' id='word_1_130' title='bbox 1101 2227 1136 2282; x_wconf 87' lang='lat'>70</span> 
     </span>
     <span class='ocr_line' id='line_1_20' title="bbox 80 2299 940 2392; baseline 0.006 -28"><span class='ocrx_word' id='word_1_131' title='bbox 80 2299 134 2373; x_wconf 87' lang='lat' dir='ltr'>Illi</span> <span class='ocrx_word' id='word_1_132' title='bbox 152 2299 327 2376; x_wconf 90' lang='lat' dir='ltr'>successit,</span> <span class='ocrx_word' id='word_1_133' title='bbox 346 2300 503 2387; x_wconf 89' lang='lat' dir='ltr'>quam-vis</span> <span class='ocrx_word' id='word_1_134' title='bbox 520 2301 594 2368; x_wconf 82' lang='lat' dir='ltr'>sine</span> <span class='ocrx_word' id='word_1_135' title='bbox 611 2301 755 2369; x_wconf 84' lang='lat' dir='ltr'>crimine</span> <span class='ocrx_word' id='word_1_136' title='bbox 771 2303 940 2392; x_wconf 79' lang='lat' dir='ltr'>conjunx,</span> 
     </span>
     <span class='ocr_line' id='line_1_21' title="bbox 124 2400 990 2477; baseline 0.008 -6"><span class='ocrx_word' id='word_1_137' title='bbox 124 2400 207 2471; x_wconf 85' lang='lat' dir='ltr'>Non</span> <span class='ocrx_word' id='word_1_138' title='bbox 223 2417 337 2471; x_wconf 88' lang='lat' dir='ltr'>tamen</span> <span class='ocrx_word' id='word_1_139' title='bbox 354 2407 389 2471; x_wconf 94' lang='lat' dir='ltr'>in</span> <span class='ocrx_word' id='word_1_140' title='bbox 405 2418 520 2476; x_wconf 75' lang='lat' dir='ltr'>nostro</span> <span class='ocrx_word' id='word_1_141' title='bbox 536 2408 636 2475; x_wconf 83' lang='lat' dir='ltr'>firma</span> <span class='ocrx_word' id='word_1_142' title='bbox 652 2408 766 2475; x_wconf 84' lang='lat' dir='ltr'>futura</span> <span class='ocrx_word' id='word_1_143' title='bbox 780 2420 869 2477; x_wconf 79' lang='lat' dir='ltr'>toro·</span> <span class='ocrx_word' id='word_1_144' title='bbox 987 2423 990 2427; x_wconf 79' lang='grc'>’</span> 
     </span>
     <span class='ocr_line' id='line_1_22' title="bbox 80 2512 987 2600; baseline 0.008 -22"><span class='ocrx_word' id='word_1_145' title='bbox 80 2512 222 2589; x_wconf 88' lang='lat' dir='ltr'>Ultima,</span> <span class='ocrx_word' id='word_1_146' title='bbox 239 2522 330 2600; x_wconf 78' lang='lat' dir='ltr'>quae</span> <span class='ocrx_word' id='word_1_147' title='bbox 345 2534 481 2581; x_wconf 85' lang='lat' dir='ltr'>mecum</span> <span class='ocrx_word' id='word_1_148' title='bbox 497 2535 591 2581; x_wconf 84' lang='lat' dir='ltr'>seros</span> <span class='ocrx_word' id='word_1_149' title='bbox 607 2515 796 2600; x_wconf 84' lang='lat' dir='ltr'>permansit</span> <span class='ocrx_word' id='word_1_150' title='bbox 811 2515 849 2583; x_wconf 89' lang='lat' dir='ltr'>in·</span> <span class='ocrx_word' id='word_1_151' title='bbox 865 2525 987 2594; x_wconf 69' lang='lat' dir='ltr'>annos,</span> 
     </span>
     <span class='ocr_line' id='line_1_23' title="bbox 124 2618 792 2707; baseline 0.003 -23"><span class='ocrx_word' id='word_1_152' title='bbox 124 2618 292 2684; x_wconf 88' lang='lat' dir='ltr'>Sustinuit</span> <span class='ocrx_word' id='word_1_153' title='bbox 309 2619 459 2707; x_wconf 88' lang='lat' dir='ltr'>conjunx</span> <span class='ocrx_word' id='word_1_154' title='bbox 476 2620 606 2686; x_wconf 86' lang='lat' dir='ltr'>exsulis</span> <span class='ocrx_word' id='word_1_155' title='bbox 622 2641 699 2689; x_wconf 84' lang='lat' dir='ltr'>esse</span> <span class='ocrx_word' id='word_1_156' title='bbox 714 2622 792 2689; x_wconf 86' lang='lat' dir='ltr'>viri.</span> 
     </span>
     <span class='ocr_line' id='line_1_24' title="bbox 79 2723 868 2816; baseline 0.009 -27"><span class='ocrx_word' id='word_1_157' title='bbox 79 2723 168 2790; x_wconf 90' lang='lat' dir='ltr'>Filia</span> <span class='ocrx_word' id='word_1_158' title='bbox 186 2746 240 2790; x_wconf 89' lang='lat' dir='ltr'>me</span> <span class='ocrx_word' id='word_1_159' title='bbox 256 2746 333 2790; x_wconf 89' lang='lat' dir='ltr'>mea</span> <span class='ocrx_word' id='word_1_160' title='bbox 349 2726 401 2793; x_wconf 89' lang='lat' dir='ltr'>bis</span> <span class='ocrx_word' id='word_1_161' title='bbox 418 2728 529 2811; x_wconf 88' lang='lat' dir='ltr'>prima</span> <span class='ocrx_word' id='word_1_162' title='bbox 546 2726 695 2794; x_wconf 86' lang='lat' dir='ltr'>secunda</span> <span class='ocrx_word' id='word_1_163' title='bbox 708 2728 868 2816; x_wconf 79' lang='lat' dir='ltr'>juventa,</span> 
     </span>
     <span class='ocr_line' id='line_1_25' title="bbox 123 2830 845 2920; baseline 0.006 -23"><span class='ocrx_word' id='word_1_164' title='bbox 123 2830 195 2897; x_wconf 90' lang='lat' dir='ltr'>Sed</span> <span class='ocrx_word' id='word_1_165' title='bbox 212 2853 280 2896; x_wconf 90' lang='lat' dir='ltr'>non</span> <span class='ocrx_word' id='word_1_166' title='bbox 296 2853 341 2896; x_wconf 89' lang='lat' dir='ltr'>ex</span> <span class='ocrx_word' id='word_1_167' title='bbox 356 2854 426 2901; x_wconf 80' lang='lat' dir='ltr'>uno</span> <span class='ocrx_word' id='word_1_168' title='bbox 442 2833 605 2920; x_wconf 82' lang='lat' dir='ltr'>conjuge,</span> <span class='ocrx_word' id='word_1_169' title='bbox 623 2833 703 2901; x_wconf 78' lang='lat' dir='ltr'>fecit</span> <span class='ocrx_word' id='word_1_170' title='bbox 720 2857 845 2912; x_wconf 83' lang='lat' dir='ltr'>avum3</span> 
     </span>
     <span class='ocr_line' id='line_1_26' title="bbox 77 2935 1008 3033; baseline 0.01 -32"><span class='ocrx_word' id='word_1_171' title='bbox 77 2935 122 3002; x_wconf 90' lang='lat' dir='ltr'>Et</span> <span class='ocrx_word' id='word_1_172' title='bbox 133 2937 207 3024; x_wconf 90' lang='lat' dir='ltr'>jam</span> <span class='ocrx_word' id='word_1_173' title='bbox 224 2939 412 3024; x_wconf 81' lang='lat' dir='ltr'>complerat</span> <span class='ocrx_word' id='word_1_174' title='bbox 428 2939 563 3026; x_wconf 83' lang='lat' dir='ltr'>genitor</span> <span class='ocrx_word' id='word_1_175' title='bbox 579 2941 743 3017; x_wconf 75' lang='lat' dir='ltr'>sensata,</span> <span class='ocrx_word' id='word_1_176' title='bbox 760 2964 956 3033; x_wconf 78' lang='lat' dir='ltr'>novemque</span> <span class='ocrx_word' id='word_1_177' title='bbox 1005 3020 1008 3025; x_wconf 46' lang='grc'><strong>,</strong></span> 
     </span>
     <span class='ocr_line' id='line_1_27' title="bbox 122 3041 846 3115; baseline 0.008 -8"><span class='ocrx_word' id='word_1_178' title='bbox 122 3041 314 3109; x_wconf 85' lang='lat' dir='ltr'>Addiderat</span> <span class='ocrx_word' id='word_1_179' title='bbox 330 3044 446 3115; x_wconf 81' lang='lat' dir='ltr'>lustris</span> <span class='ocrx_word' id='word_1_180' title='bbox 461 3046 568 3115; x_wconf 84' lang='lat' dir='ltr'>altera</span> <span class='ocrx_word' id='word_1_181' title='bbox 586 3047 697 3115; x_wconf 84' lang='lat' dir='ltr'>lustr-a</span> <span class='ocrx_word' id='word_1_182' title='bbox 708 3070 846 3115; x_wconf 88' lang='lat' dir='ltr'>novem.</span> 
     </span>
     <span class='ocr_line' id='line_1_28' title="bbox 75 3148 950 3243; baseline 0.014 -30"><span class='ocrx_word' id='word_1_183' title='bbox 75 3148 158 3214; x_wconf 88' lang='lat' dir='ltr'>Non</span> <span class='ocrx_word' id='word_1_184' title='bbox 176 3149 272 3223; x_wconf 73' lang='lat' dir='ltr'>aliter</span> <span class='ocrx_word' id='word_1_185' title='bbox 287 3149 503 3238; x_wconf 77' lang='lat' dir='ltr'>flevi„·quam</span> <span class='ocrx_word' id='word_1_186' title='bbox 523 3174 579 3217; x_wconf 87' lang='lat' dir='ltr'>me</span> <span class='ocrx_word' id='word_1_187' title='bbox 595 3153 739 3219; x_wconf 87' lang='lat' dir='ltr'>fleturus.</span> <span class='ocrx_word' id='word_1_188' title='bbox 752 3156 950 3243; x_wconf 80' lang='lat' dir='ltr'>ademptum</span> 
     </span>
     <span class='ocr_line' id='line_1_29' title="bbox 120 3254 802 3348; baseline 0.012 -29"><span class='ocrx_word' id='word_1_189' title='bbox 120 3254 183 3320; x_wconf 91' lang='lat' dir='ltr'>Ille</span> <span class='ocrx_word' id='word_1_190' title='bbox 200 3255 273 3321; x_wconf 91' lang='lat' dir='ltr'>suit.</span> <span class='ocrx_word' id='word_1_191' title='bbox 324 3256 430 3325; x_wconf 88' lang='lat' dir='ltr'>Matri</span> <span class='ocrx_word' id='word_1_192' title='bbox 449 3259 607 3344; x_wconf 82' lang='lat' dir='ltr'>proxima</span> <span class='ocrx_word' id='word_1_193' title='bbox 619 3261 711 3348; x_wconf 90' lang='lat' dir='ltr'>justa</span> <span class='ocrx_word' id='word_1_194' title='bbox 728 3261 802 3329; x_wconf 83' lang='lat' dir='ltr'>tuli.</span> 
     </span>
     <span class='ocr_line' id='line_1_30' title="bbox 74 3360 771 3456; baseline 0.014 -31"><span class='ocrx_word' id='word_1_195' title='bbox 74 3360 210 3428; x_wconf 88' lang='lat' dir='ltr'>Felices</span> <span class='ocrx_word' id='word_1_196' title='bbox 228 3363 328 3429; x_wconf 89' lang='lat' dir='ltr'>ambo</span> <span class='ocrx_word' id='word_1_197' title='bbox 347 3368 617 3455; x_wconf 85' lang='lat' dir='ltr'>tempestiveque</span> <span class='ocrx_word' id='word_1_198' title='bbox 634 3369 771 3456; x_wconf 88' lang='lat' dir='ltr'>sepulti,</span> 
     </span>
     <span class='ocr_line' id='line_1_31' title="bbox 117 3466 867 3562; baseline 0.016 -32"><span class='ocrx_word' id='word_1_199' title='bbox 117 3466 211 3532; x_wconf 91' lang='lat' dir='ltr'>Ante</span> <span class='ocrx_word' id='word_1_200' title='bbox 228 3469 319 3534; x_wconf 89' lang='lat' dir='ltr'>diem</span> <span class='ocrx_word' id='word_1_201' title='bbox 339 3494 472 3557; x_wconf 88' lang='lat' dir='ltr'>poenae</span> <span class='ocrx_word' id='word_1_202' title='bbox 488 3475 579 3562; x_wconf 88' lang='lat' dir='ltr'>quod</span> <span class='ocrx_word' id='word_1_203' title='bbox 596 3476 728 3561; x_wconf 85' lang='lat' dir='ltr'>periere</span> <span class='ocrx_word' id='word_1_204' title='bbox 745 3492 843 3545; x_wconf 83' lang='lat' dir='ltr'>meae</span> <span class='ocrx_word' id='word_1_205' title='bbox 857 3476 867 3542; x_wconf 91' lang='lat' dir='ltr'>l</span> 
     </span>
     <span class='ocr_line' id='line_1_32' title="bbox 74 3570 1005 3668; baseline 0.019 -32"><span class='ocrx_word' id='word_1_206' title='bbox 74 3570 136 3638; x_wconf 91' lang='lat' dir='ltr'>Me</span> <span class='ocrx_word' id='word_1_207' title='bbox 153 3596 286 3663; x_wconf 90' lang='lat' dir='ltr'>quoque</span> <span class='ocrx_word' id='word_1_208' title='bbox 305 3581 453 3658; x_wconf 79' lang='lat' dir='ltr'>felicem,</span> <span class='ocrx_word' id='word_1_209' title='bbox 471 3584 563 3668; x_wconf 92' lang='lat' dir='ltr'>quod</span> <span class='ocrx_word' id='word_1_210' title='bbox 580 3606 649 3651; x_wconf 84' lang='lat' dir='ltr'>non</span> <span class='ocrx_word' id='word_1_211' title='bbox 665 3585 857 3651; x_wconf 86' lang='lat' dir='ltr'>viventibus</span> <span class='ocrx_word' id='word_1_212' title='bbox 873 3584 941 3653; x_wconf 84' lang='lat' dir='ltr'>illis</span> <span class='ocrx_word' id='word_1_213' title='bbox 1002 3646 1005 3653; x_wconf 91' lang='lat'><em>.</em></span> 
     </span>
     <span class='ocr_line' id='line_1_33' title="bbox 118 3678 904 3775; baseline 0.014 -31"><span class='ocrx_word' id='word_1_214' title='bbox 118 3678 205 3745; x_wconf 90' lang='lat' dir='ltr'>Sum</span> <span class='ocrx_word' id='word_1_215' title='bbox 224 3687 341 3764; x_wconf 89' lang='lat' dir='ltr'>miser,</span> <span class='ocrx_word' id='word_1_216' title='bbox 361 3698 393 3757; x_wconf 84' lang='lat' dir='ltr'>et</span> <span class='ocrx_word' id='word_1_217' title='bbox 410 3688 452 3755; x_wconf 88' lang='lat' dir='ltr'>de</span> <span class='ocrx_word' id='word_1_218' title='bbox 471 3691 632 3775; x_wconf 86' lang='lat' dir='ltr'>mequod</span> <span class='ocrx_word' id='word_1_219' title='bbox 649 3692 789 3757; x_wconf 88' lang='lat' dir='ltr'>doluere</span> <span class='ocrx_word' id='word_1_220' title='bbox 805 3691 904 3757; x_wconf 87' lang='lat' dir='ltr'>nibil.</span> 
     </span>
     <span class='ocr_line' id='line_1_34' title="bbox 73 3787 1130 3888; baseline 0.013 -36"><span class='ocrx_word' id='word_1_221' title='bbox 73 3787 111 3853; x_wconf 91' lang='lat' dir='ltr'>Si</span> <span class='ocrx_word' id='word_1_222' title='bbox 128 3802 244 3867; x_wconf 84' lang='lat' dir='ltr'>tamen</span> <span class='ocrx_word' id='word_1_223' title='bbox 262 3789 437 3861; x_wconf 85' lang='lat' dir='ltr'>exstinctis</span> <span class='ocrx_word' id='word_1_224' title='bbox 455 3796 583 3882; x_wconf 80' lang='lat' dir='ltr'>eliquid</span> <span class='ocrx_word' id='word_1_225' title='bbox 600 3797 665 3863; x_wconf 83' lang='lat' dir='ltr'>nisi</span> <span class='ocrx_word' id='word_1_226' title='bbox 682 3798 822 3864; x_wconf 85' lang='lat' dir='ltr'>nomina</span> <span class='ocrx_word' id='word_1_227' title='bbox 838 3809 954 3878; x_wconf 88' lang='lat' dir='ltr'>restat,</span> <span class='ocrx_word' id='word_1_228' title='bbox 1093 3820 1130 3888; x_wconf 65' lang='grc' dir='ltr'>ες</span> 
     </span>
     <span class='ocr_line' id='line_1_35' title="bbox 116 3898 1026 4000; baseline 0.004 -29"><span class='ocrx_word' id='word_1_229' title='bbox 116 3898 161 3971; x_wconf 78' lang='lat' dir='ltr'>Et</span> <span class='ocrx_word' id='word_1_230' title='bbox 175 3900 316 3988; x_wconf 82' lang='lat' dir='ltr'>gracilis</span> <span class='ocrx_word' id='word_1_231' title='bbox 330 3911 474 3973; x_wconf 78' lang='lat' dir='ltr'>structos</span> <span class='ocrx_word' id='word_1_232' title='bbox 492 3902 614 3994; x_wconf 79' lang='lat' dir='ltr'>effugit</span> <span class='ocrx_word' id='word_1_233' title='bbox 631 3906 759 3979; x_wconf 85' lang='lat' dir='ltr'>umbra</span> <span class='ocrx_word' id='word_1_234' title='bbox 773 3929 909 4000; x_wconf 51' lang='lat' dir='ltr'>rogos),</span> <span class='ocrx_word' id='word_1_235' title='bbox 1022 3970 1026 3975; x_wconf 92' lang='lat'><em>.</em></span> 
     </span>
    </p>
   </div>
   <div class='ocr_carea' id='block_1_3' title="bbox 0 0 1250 4208">
    <p class='ocr_par' dir='ltr' id='par_1_3' title="bbox 0 0 1250 4208">
     <span class='ocr_line' id='line_1_36' title="bbox 0 0 1250 4208; baseline 0 2"><span class='ocrx_word' id='word_1_236' title='bbox 0 0 1250 4208; x_wconf 95' lang='lat' dir='ltr'> </span> 
     </span>
    </p>
   </div>
  </div>
 </body>
</html>
