2490 4208
105 218 249 291 V1.231.]
424 199 502 271 ‚The
529 199 644 286 Gra'es
656 199 705 286 os
717 198 844 267 Niobe.
1110 196 1154 282 63

150 396 310 484 Adspicit
324 396 518 485 Alphenor,
535 396 732 483 laniataque
748 405 887 482 pectora
903 395 1074 485 plangens

107 504 258 581 advolat,
274 515 312 570 ut
327 505 461 592 gelidos
478 503 716 590 complexibus
732 503 856 568 allevet
872 513 986 577 artus3

105 609 210 697 inque
227 610 283 696 pio
299 611 390 677 cadit
404 609 530 688 officio,
548 627 629 674 nam
646 609 769 675 Delius
785 608 834 674 illi
1104 638 1157 696 250

107 715 227 781 intima
242 715 376 782 fatifero
391 715 481 802 rupit
496 714 698 801 praecordia
714 714 815 780 ferro.
983 729 986 733 ’

30 857 36 866 ·
106 822 198 909 quod
216 822 316 887 simul
332 822 506 898 eductum,
524 842 604 907 pars
620 831 672 886 est
685 820 858 906 pulmonis
873 819 910 886 in
926 819 1039 887 hamis

107 937 215 1004 eruta,
235 948 381 1014 cumque
397 925 515 992 anima
531 948 631 992 cruor
647 936 699 993 est
714 925 843 992 effusus
858 926 894 991 in
911 946 1026 992 auras.

151 1032 201 1098 At
216 1054 285 1099 non
300 1033 472 1100 intonsum
488 1033 636 1119 simplex
652 1032 948 1097 Damasichthona
963 1034 1088 1099 vulnus

108 1138 235 1205 adficit.
284 1139 377 1206 Ictus
392 1149 478 1216 erat,
495 1160 564 1226 qua
580 1159 658 1204 crus
675 1160 750 1205 esse
766 1138 897 1224 incipit,
915 1149 1034 1226 etqua
1104 1168 1156 1226 255

107 1245 225 1312 mollia
237 1265 405 1331 nervosus
421 1244 502 1312 facit
517 1244 708 1311 internodia
722 1245 858 1330 poples.

107 1353 258 1440 dumque
274 1373 379 1417 manu
394 1362 536 1439 temptat
550 1353 687 1417 trahere
703 1351 876 1418 exitiabile
891 1352 1011 1428 telum,

106 1460 214 1525 altera
230 1480 292 1545 per
299 1459 465 1548 ,jugulum
480 1458 603 1545 pennis
619 1469 717 1525 tenus
734 1469 811 1523 acta
826 1458 951 1547 sagitta
967 1469 1030 1525 est.

106 1566 238 1651 expulit
254 1566 346 1632 hanc
360 1565 516 1654 sanguis,
533 1585 640 1653 seque
655 1564 846 1654 ejaculatus
862 1565 897 1630 in
914 1566 1022 1631 altum

106 1671 243 1749 emicat,
261 1682 297 1738 et
311 1672 416 1761 longe
431 1672 601 1739 terebrata
616 1670 748 1757 prosilit
764 1692 859 1737 aura.
1106 1685 1159 1742 260
1205 1690 1207 1694 ’

151 1777 302 1844 Ultimus
319 1778 470 1853 Ilioneus
485 1800 554 1845 non
570 1777 766 1866 profectura
782 1777 956 1864 precando
1055 1839 1057 1843 ,

106 1886 270 1951 bracchia
286 1886 481 1962 sustulerat,
498 1885 635 1973 Dique
656 1883 688 1950 O
703 1886 928 1955 communiter
944 1904 1071 1961 onznes,

107 1991 254 2067 dixerat,
271 1990 415 2080 ignarus
431 2013 500 2058 non
516 2013 637 2057 omnes
654 2011 730 2057 esse
747 1991 936 2080 rogandoS,

99 2097 265 2186 parcite!
287 2098 407 2165 Motus
422 2110 507 2176 erat,
526 2119 604 2164 cum
618 2098 689 2186 jam
707 2098 900 2164 revocabile
916 2099 1023 2164 telum

106 2203 267 2282 nonfuit,
284 2203 512 2281 Arcitenens3
536 2205 680 2270 minimo
695 2216 812 2270 tamen
828 2204 953 2272 occidit
968 2205 1028 2271 ille
1105 2220 1158 2292 265
1187 2230 1190 2235 ’

104 2311 261 2388 vulnere,
279 2311 432 2377 non-alte
448 2332 611 2397 percusso
627 2312 730 2394 corde
746 2312 884 2400 sagitta.

151 2417 263 2484 Fama
277 2417 359 2483 mali
376 2417 563 2505 populique
578 2419 675 2485 dolor
691 2418 925 2507 lacrimaeque
940 2440 1081 2487 suorum

103 2535 176 2590 tam
192 2524 322 2590 subitae
339 2535 484 2592 matrem
499 2531 628 2591 c'ertam
645 2525 758 2591 secere
773 2526 896 2592 ruinae

104 2631 287 2697 mirantem
302 2631 465 2718 potuisse,
483 2631 769 2718 irascentemque,
787 2632 880 2719 quod
897 2631 971 2697 ausi

104 2739 174 2803 hoc
188 2749 302 2804 essent
316 2730 445 2825 superi,
461 2738 554 2826 quod
570 2748 702 2804 tantum
715 2737 802 2827 juris
819 2739 998 2805 haberent.
1105 2769 1158 2825 270

103 2865 187 2909 nam
203 2856 300 2931 pater
314 2843 505 2932 Amphion,
523 2845 613 2911 serro
630 2866 692 2931 per
707 2857 827 2932 pectus
844 2846 980 2923 adacto,

102 2949 240 3016 finierat
254 2951 403 3017 moriens
418 2950 545 3038 pariter
561 2972 640 3018 cum
656 2950 734 3017 luce
751 2951 918 3017 dolorem.

81 3036 153 3154 s
151 3055 232 3123 Heu
247 3067 412 3144 quantum
428 3058 517 3125 haec
531 3056 645 3124 Niobe
662 3057 776 3125 Niobe
791 3058 939 3124 distabat
956 3057 998 3124 ab
1014 3057 1088 3136 illa,

101 3183 194 3251 quae
209 3163 311 3229 modo
326 3162 445 3231 Latois
460 3164 627 3250 populum
643 3176 875 3231 summoverat
891 3165 972 3242 aris,

101 3280 138 3335 et
154 3269 302 3361 mediam
318 3270 440 3337 tulerat
455 3292 596 3357 gressus
611 3272 773 3357 resupina
790 3294 853 3358 per
868 3271 1003 3350 urbem,
1104 3302 1155 3361 273

100 3374 273 3441 invidiosa
288 3375 359 3444 suis
372 3374 380 3440 l
405 3386 440 3442 at
454 3398 548 3444 nunc
563 3378 758 3445 miseranda
775 3380 830 3445 vel
847 3378 948 3444 hosti.

100 3481 302 3568 corporibus
317 3483 442 3571 gelidis
457 3484 635 3562 incumbit,
654 3497 687 3553 et
702 3485 822 3552 ordine
839 3485 934 3552 nullo

98 3589 221 3656 oscula
235 3588 412 3675 dispensat
427 3603 525 3657 natos
540 3607 701 3677 suprema
717 3614 779 3678 per
794 3614 927 3658 omnes.

101 3717 123 3761 a
140 3695 265 3783 quibus
282 3697 327 3762 ad
343 3697 476 3763 caelum
494 3697 632 3762 liventia
648 3698 811 3763 bracchia
827 3699 964 3777 tollens,

101 3801 291 3881 ‘Pascere,
308 3803 615 3881 crudelisrnostro,
633 3802 783 3884 Latona,
801 3805 944 3873 doloret
1111 3825 1168 3878 aas

95 3909 331 3996 pascere’ait,
353 3911 527 4000 ‘satisque
542 3933 623 3981 meo
640 3924 701 3982 tua
719 3929 869 4006 pectora
881 3917 1011 3986 luctus
