2490 4208
129 190 195 264 ¹5⁰
397 175 469 244 aaa
490 174 695 264 Apotheosis
717 175 766 259 os
781 171 913 239 Cesar.
959 194 962 200 ·
1033 188 1166 263 [Merum

128 374 221 460 quod
238 373 280 438 de
296 373 473 438 Dardanio
490 372 600 438 solum
619 369 702 434 mihi
718 379 822 434 restat
838 367 924 433 Ittlo.

129 480 247 544 solane
264 500 399 564 semper
415 500 474 544 ero
486 476 586 566 justis
604 475 753 541 exercita
770 472 883 539 curis?

128 574 233 671 quam
251 586 352 649 modo
367 583 528 670 Tydidae
545 580 740 669 Calydonia
757 582 911 644 vulneret
928 581 1039 657 hasta,

129 711 222 754 nunc
239 691 327 754 male
344 690 505 757 defensae
523 688 733 758 confundant
749 688 891 751 moenia
901 685 1030 774 Trojae
1040 710 1050 762 3
1121 717 1161 770 770

129 816 218 881 quae
234 795 370 861 videam
387 806 504 859 natum
521 793 635 880 longis
652 792 821 857 erroribus
838 803 952 856 actum

126 900 316 990 jactarique
333 901 417 964 freto
434 900 601 985 sedesque
617 898 743 962 intrare
760 897 931 979 silentum,

129 1007 288 1094 bellaque
305 1028 382 1072 cum
398 1006 518 1073 Turno
535 1026 669 1093 gerere,
689 1016 759 1080 aut,
777 1004 806 1071 si
822 1026 904 1071 vera
920 1005 1080 1085 fatemur,

130 1134 208 1178 cum
221 1112 357 1200 Junone
374 1111 508 1199 magis?
556 1109 652 1196 Ouid
668 1131 760 1177 nunc
776 1110 915 1197 antiqua
931 1115 1090 1181 recordor

130 1220 257 1285 damna
273 1218 341 1283 mei
357 1215 517 1306 generis?
563 1216 684 1283 Timor
701 1217 758 1282 hic
773 1217 971 1284 meminisse
986 1220 1130 1306 priorum

129 1346 199 1390 non
216 1322 314 1389 sinit:
339 1323 374 1388 in
392 1345 446 1388 me
463 1322 540 1389 acui
558 1323 741 1388 sceleratos
758 1323 895 1389 cernitis
911 1345 1025 1392 enses.

130 1453 216 1518 quos
232 1429 423 1516 prohibete,
442 1449 575 1514 precor,
595 1428 795 1515 facinusque
811 1430 987 1523 repellitel
1012 1452 1096 1501 neve

131 1539 237 1603 caede
254 1536 439 1603 sacerdotis
455 1535 613 1600 flammas
630 1536 836 1623 exstinguite
852 1536 1007 1603 Vestae.'

174 1643 276 1708 Talia
293 1641 501 1729 nequiquam
518 1652 586 1707 toto
601 1640 722 1709 Venus
738 1642 843 1709 anxia
859 1645 957 1711 caelo

129 1751 234 1816 verba
243 1749 339 1838 jacit,
352 1755 561 1835 superosque
573 1759 704 1822 movet3
722 1749 781 1836 qui
794 1772 955 1836 rumpere
966 1765 1154 1840 quamquam

130 1857 240 1922 ferrea
257 1878 325 1920 non
341 1865 485 1942 possunt
498 1865 651 1923 veterum
669 1854 806 1922 decreta
822 1879 991 1936 sororum,

130 1962 231 2050 signa
246 1973 361 2027 tamen
378 1963 490 2028 luctus
506 1962 588 2027 dant
604 1962 695 2029 haud
711 1961 841 2034 incerta
857 1964 973 2031 futuri.

130 2090 226 2135 arma
242 2069 354 2134 ferunt
369 2068 456 2134 inter
472 2068 590 2156 nigras
606 2069 806 2155 crepitantia
822 2072 931 2138 nubes

128 2176 363 2262 terribilesque
379 2175 491 2251 tubas,
511 2176 694 2262 auditaque
710 2197 839 2242 cornua
856 2179 953 2245 caelo

129 2283 385 2367 praemonuisse
403 2283 511 2348 nefas.
561 2281 652 2356 Solis
669 2305 804 2369 quoque
820 2284 922 2351 tristis
939 2285 1056 2375 imago
1119 2290 1170 2367 785

130 2388 240 2452 lurida
257 2387 408 2454 sollicitis
425 2388 612 2474 praebebat
628 2388 757 2454 lumina
773 2391 882 2456 terris.

130 2515 233 2580 saepe
250 2495 343 2560 faces
359 2495 454 2560 visae
470 2495 592 2561 mediis
609 2498 730 2562 ardere
745 2498 809 2562 sub
826 2498 945 2574 astris;

129 2621 233 2686 saepe
249 2600 335 2665 inter
350 2601 484 2666 nimbos
501 2612 617 2687 guttae
634 2603 789 2671 cecidere
805 2617 979 2672 cruentae.

129 2708 287 2773 caerulus
303 2717 336 2772 et
351 2708 484 2773 vultum
500 2707 676 2795 ferrugine
691 2707 832 2774 Lucifer
847 2722 921 2776 atra

129 2835 267 2898 sparsus
284 2824 369 2890 erat,
387 2813 497 2899 sparsi
513 2814 651 2880 lunares
667 2816 838 2902 sanguine
854 2838 985 2884 currus.
1128 2829 1194 2899 7⁴3⁰

127 2919 234 2984 tristia
250 2920 344 2985 mille
360 2920 445 2986 locis
461 2920 605 3008 Stygius
621 2921 714 2986 dedit
729 2920 845 2989 omina
861 2922 974 3000 bubo;

128 3025 222 3092 mille
237 3025 322 3090 locis
337 3025 529 3093 lacrimavit
545 3028 640 3102 ebur,
660 3038 847 3114 cantusque
863 3028 1020 3096 feruntur

128 3130 233 3197 auditi
250 3132 376 3198 sanctis
391 3144 426 3199 et
441 3135 546 3199 verba
563 3135 727 3200 minantia
743 3135 842 3201 lucis.

126 3237 265 3303 victima
281 3239 376 3303 nulla
392 3239 476 3315 litat,
495 3260 709 3327 magnosque
725 3241 851 3308 instare
867 3246 1031 3312 tumultus

127 3344 213 3409 fibra
230 3356 357 3420 monet,
375 3366 582 3434 caesumque
600 3360 702 3433 caput
717 3348 883 3433 reperitur
898 3351 933 3415 in
950 3353 1038 3420 extis
1048 3374 1059 3430 ς
1134 3354 1205 3428 795

127 3449 231 3535 inque
248 3449 321 3515 foro
339 3451 536 3539 circumque
552 3454 672 3519 domos
688 3465 722 3520 et
737 3456 866 3542 templa
881 3458 1025 3525 deorum

126 3567 310 3621 nocturnos
327 3557 477 3623 ululasse
494 3580 611 3636 canes,
630 3560 837 3649 umbrasque
854 3564 1014 3632 silentum

126 3661 293 3728 erravisse
310 3662 434 3738 ferunt,
454 3675 648 3751 motamque
664 3669 867 3734 tremoribus
883 3673 1016 3737 urbem.

133 3753 139 3766 ⁸
171 3766 253 3832 Non
269 3779 384 3835 tamen
400 3767 542 3836 insidias
558 3782 770 3857 venturaque
785 3774 924 3842 vincere
941 3777 1011 3844 fata

110 3874 356 3960 praemonitus
371 3886 515 3964 potuere
531 3876 659 3953 deutur
681 3877 854 3965 strictique
868 3881 1022 3951 feruutur
1167 3884 1213 3939 8⁰⁰
