2490 4208
92 153 130 210 v.
148 153 225 228 332]
280 136 358 206 She·
374 138 547 248 daiwvers
569 90 808 228 Proserpeize’s
830 133 964 202 Abode.
1103 145 1146 219 55

93 333 248 403 advehar
262 335 460 425 Ortygiam,
477 337 593 405 veniet
607 335 801 403 narratibus
817 333 904 401 hora

92 441 296 527 tempestiva
312 443 410 518 meis,
428 464 508 509 cum
523 456 559 509 tu
575 463 726 530 curaque
742 441 856 508 levata
1096 465 1148 524 500

92 557 128 614 et
142 547 256 613 vultus
272 549 422 617 melioris
438 548 519 616 eris.
567 548 657 616 Mihi
674 547 791 634 pervia
808 545 909 612 tellus

92 652 235 738 praebet
249 653 325 731 iter,
343 656 526 743 subterque
542 654 629 722 imas
645 654 760 755 ablata
777 671 958 727 cavernas,
1054 654 1059 661 '
1084 666 1087 675 ·

92 757 151 825 hic
167 769 270 845 caput
285 761 414 838 attollo,
431 763 641 849 desuetaque
656 760 770 827 sidera
785 780 902 825 cerno.

92 886 179 953 ergo
194 866 277 945 dum
293 865 417 955 Stygio
433 869 497 934 sub
513 868 611 944 terris
628 866 766 954 gurgite
782 866 893 941 labor,
1125 948 1129 954 .

91 970 168 1038 visa
182 983 241 1039 tua
257 983 309 1041 est
323 973 431 1052 oculis
447 974 518 1040 illic
533 972 740 1058 Proserpina
757 971 900 1038 nostrisa
1093 1000 1143 1057 505

92 1076 154 1142 illa
170 1077 308 1164 quidem
324 1079 439 1156 tristis,
457 1101 570 1168 neque
583 1074 701 1145 vadhuc
717 1079 868 1145 interrita
882 1077 992 1156 vultu,

93 1182 156 1248 sed
171 1184 293 1272 regina
309 1195 438 1262 tamen,
456 1186 517 1263 sed
534 1185 634 1272 opaci
652 1185 804 1252 maxima
820 1183 953 1261 mundi,

92 1289 157 1355 sed
171 1299 287 1356 tamen
303 1291 427 1357 inferni
443 1292 578 1378 pollens
593 1303 749 1360 matrona
763 1290 921 1380 tyranni?

139 1395 254 1462 Mater
269 1398 315 1465 ad
330 1398 464 1465 auditas
480 1398 606 1485 stupuit
621 1420 684 1466 ceu
700 1419 807 1465 saxea
822 1418 939 1474 voces,

93 1501 323 1591 attonitaeque
339 1503 398 1570 diu
415 1504 536 1570 similis
552 1505 626 1571 suit.
674 1505 790 1593 thue
806 1504 923 1571 dolore
1092 1532 1145 1590 510

93 1610 194 1696 pulsa
210 1609 310 1705 gravi
325 1610 443 1710 gravis
458 1621 509 1677 est
524 1611 685 1687 amentia,
704 1611 859 1679 curribus
875 1630 1005 1677 auras

93 1715 166 1783 exit
180 1702 423 1889 inpaetheriast·
449 1717 502 1797 abu
511 1704 584 1819 toto
596 1719 714 1786 nubila
730 1718 827 1785 vultu
990 1710 1012 1849 pf
1055 1786 1058 1791 ,
1139 1774 1141 1779 .

95 1819 207 1907 anteJ
230 1841 308 1885 vem
325 1840 436 1910 passrs
452 1820 542 1886 stetit
556 1821 726 1888 invidiosa
742 1819 896 1907 capillis:

96 1924 256 2014 ‘Proque
272 1946 350 1993 meo
364 1926 445 1992 veui
460 1928 607 2013 supplex
621 1927 694 2002 tibi,
708 1925 890 2015 Juppiterss
907 1896 1028 2013 inquit,

96 2031 303 2120 ‘sanguina
316 2052 446 2120 proque
462 2043 533 2101 tuo
582 2033 622 2100 Si
638 2034 732 2101 nulla
749 2044 800 2099 est
814 2031 925 2120 gratia
942 2028 1074 2107 matris,
1094 2059 1145 2117 515

94 2148 176 2205 nata
191 2151 323 2225 patrem
340 2149 476 2205 moveat
485 2161 495 2214 ;
519 2161 586 2205 neu
603 2140 646 2206 sit
660 2139 720 2207 tibi
736 2159 834 2216 cura,
851 2157 1045 2223 precamur,

93 2244 195 2311 vilior
211 2244 315 2329 illius,
332 2245 423 2331 quod
441 2257 556 2313 nostro
572 2257 623 2313 est
639 2246 729 2313 edita
746 2256 858 2333 partu.

38 2337 77 2454 ζ
95 2373 140 2418 en
156 2351 318 2437 quaesita.
326 2352 386 2418 diu
401 2352 540 2419 tandem
558 2352 642 2419 mihi
658 2362 739 2417 nata
757 2362 892 2471 reperta
908 2361 980 2418 est.
999 2340 1043 2459 ᾖ

51 2457 124 2524 si
130 2455 330 2561 reperirem
306 2478 411 2545 vocas
428 2458 581 2525 amittere
597 2458 735 2535 certius,
754 2469 812 2524 aut
827 2458 855 2523 si
975 2507 976 2510 ,
1016 2499 1022 2511 ι

96 2565 198 2640 scire,
215 2563 345 2641 ubisit,
363 2564 512 2651 reperire
528 2586 646 2632 vocas
695 2563 806 2650 Quod.
815 2575 927 2651 rapta,
944 2563 1107 2639 feremus,

95 2671 283 2741 dummodo
298 2671 421 2739 reddat
435 2692 535 2738 eam:
559 2692 672 2760 neque
688 2672 779 2737 enim
796 2672 970 2763 praedone
988 2669 1111 2735 marito

95 2778 166 2844 filia
182 2778 290 2867 digna
305 2789 364 2845 tua
380 2778 524 2846 est-si
536 2777 609 2866 jam
627 2798 704 2844 mea
719 2776 791 2843 filia
806 2799 874 2842 non
892 2775 963 2842 est'

135 2885 295 2974 Juppiter
310 2885 457 2971 excepit,
471 2883 683 2952 ‘Commune
699 2896 750 2952 est
766 2884 893 2972 pignus
909 2901 1065 2970 onusque

94 3003 176 3058 nata
192 2990 277 3057 mihi
292 3002 426 3068 tecum3
452 2992 514 3059 sed
528 2991 558 3057 si
575 2991 677 3058 modo
693 2990 833 3057 nomina
850 2990 953 3054 rebus
976 2975 982 2988 ’

96 3099 224 3165 addere
239 3119 322 3165 vera
332 3099 464 3186 placet,
481 3121 551 3167 non
568 3099 661 3166 hoc
651 3097 775 3187 injuria
792 3097 933 3170 sactum,
1095 3123 1145 3180 525

94 3226 216 3271 verum
232 3225 331 3270 amor
346 3216 408 3271 est
456 3204 580 3293 Neque
596 3206 660 3271 erit
675 3204 774 3270 nobis
791 3222 899 3290 gener
914 3201 972 3267 ille
988 3200 1125 3287 pudori,
1224 3276 1227 3283 Ι

95 3323 132 3376 tu
148 3310 266 3389 modo,
281 3310 374 3388 diva,
390 3311 490 3378 velis.
539 3310 587 3378 Ut
603 3310 714 3377 desint
730 3321 859 3383 cetera,
875 3319 1040 3395 quantum
1059 3311 1149 3371 est
1183 3292 1228 3395 Ικ’κζ

96 3437 172 3484 esse
182 3416 281 3511 Jovis
296 3416 434 3484 fratrem
448 3415 458 3481 l
484 3415 581 3538 (ζῶ
595 3417 688 3504 quod
704 3437 770 3481 nec
787 3427 901 3481 cetera
918 3413 1122 3489 desunt,
1132 3412 1232 3501 ,gl

95 3545 173 3590 uec
176 3513 321 3590 cedit
281 3544 347 3589 n1s1
333 3490 452 3590 lorte
469 3516 565 3589 miln-
614 3491 796 3615 Sedltanta
811 3516 1013 3631 cupido
1026 3538 1033 3565 ¹
1050 3528 1074 3597 ,.’
1099 3542 1103 3549 ’

97 3652 125 3696 sr
115 3628 200 3696 tibi
217 3628 352 3699 discidii
367 3634 430 3707 est,
448 3639 578 3716 repetet
592 3626 799 3713 Proserpina
815 3602 1021 3703 caelum,
1033 3678 1036 3683 .
1057 3668 1060 3672 ›
1083 3652 1146 3711 '530
1184 3680 1192 3695 ..

96 3735 176 3824 lege
191 3747 307 3802 tamen
323 3747 430 3813 certa,
448 3758 476 3801 s1
467 3735 605 3803 nullos
623 3734 764 3822 contigit
779 3733 851 3799 illic

97 3862 155 3909 ore
170 3842 288 3909 cibos·
312 3862 392 3907 nam
408 3842 459 3908 sic
473 3841 662 3909 Parcarum
679 3840 822 3910 loedere
838 3818 986 3910 cautum
999 3836 1072 3904 est
