2490 4208
90 181 146 234 lx.
160 178 236 251 243·]
438 162 510 231 Tae
531 161 697 230 Funeral
714 159 805 228 Pila.

137 358 230 425 Ecce
246 357 383 424 Lichan
399 359 570 446 trepidum
586 360 775 425 latitantem
791 379 876 444 rupe
893 364 1014 422 cavata

90 466 233 552 aspicit3
257 477 361 553 utque
379 467 475 532 dolor
491 467 621 531 rabiem
640 448 828 553 collegerat
842 485 993 538 omnem,

92 571 230 651 ‘Tune,
248 571 384 647 Licha,’
400 570 486 636 dixit
502 581 510 611 ‘
524 571 643 635 feralia
660 573 751 637 dona
768 568 910 636 dedisti?

89 690 173 745 tune
190 699 287 744 meae
303 678 398 743 necis
416 687 535 742 auctor
551 674 659 742 eris?'
703 676 836 741 Tremit
851 677 922 752 ille,
940 685 1110 762 pavetque

90 787 254 873 pallidus,
272 796 306 851 et
320 785 437 850 timide
454 784 561 849 verba
577 783 779 849 excusantia
795 783 888 849 dicit.
1090 810 1141 868 215

92 894 262 959 dicentem
280 893 493 980 genibusque
513 911 636 955 manus
653 889 819 956 adhibere
835 900 1013 976 parantem

92 1000 230 1085 corripit
246 998 399 1075 Alcides,
418 1010 451 1064 et
466 1008 584 1084 terque
602 1007 789 1083 quaterque
806 1008 952 1061 rotatum

91 1107 191 1171 mittit
206 1107 242 1171 in
258 1106 431 1172 Euboicas
446 1115 613 1171 tormento
631 1103 748 1168 fortius
765 1104 888 1170 undas.

91 1213 151 1278 ille
167 1235 229 1298 per
246 1213 356 1277 aerias
372 1213 528 1297 pendens
543 1209 695 1275 induruit
711 1230 833 1323 auras3
877 1253 884 1265 ·

90 1331 195 1407 utque
213 1319 326 1383 ferunt
340 1318 467 1384 imbres
484 1317 608 1406 gelidis
626 1288 848 1382 concrescere
863 1316 988 1394 ventis,
1091 1346 1144 1386 220

91 1427 171 1491 inde
188 1425 283 1491 nives
300 1425 402 1539 fieri,
405 1425 540 1491 nivibus
557 1444 693 1511 quoque
710 1424 814 1489 molle
830 1425 947 1490 rotatis

92 1533 248 1621 astringi,
266 1542 300 1597 et
315 1512 425 1618 spissa
442 1531 628 1619 glomerari
645 1530 814 1618 grandine
832 1552 975 1616 corpus:

90 1641 142 1707 sic
158 1640 254 1705 illum
271 1639 392 1704 validis
410 1650 522 1704 actum
540 1659 601 1724 per
617 1638 720 1702 inane
737 1638 873 1702 lacertis

91 1767 376 1833 exsanguemque
392 1756 484 1810 metu
497 1744 760 1831 necquicquam
774 1745 926 1810 humoris
943 1745 1140 1819 habentem,

92 1853 127 1917 in
144 1853 273 1940 rigidos
290 1874 426 1917 versum
443 1851 555 1917 silices
572 1851 665 1938 prior
681 1850 788 1916 edidit
804 1862 918 1916 aetasa
1091 1882 1142 1939 225

91 1979 184 2023 nunc
201 1979 335 2045 quoque
352 1958 387 2022 in
405 1958 563 2047 Euboico¹
574 1958 736 2042 scopulus
755 1957 868 2022 brevis
884 1957 1008 2022 emicat
1025 1958 1092 2022 alto

92 2065 241 2152 gurgite,
261 2076 294 2130 et
309 2065 481 2135 humanae
498 2076 611 2130 servat
627 2064 773 2151 vestigia
792 2064 934 2140 formae,

92 2193 207 2258 quem,
226 2171 324 2259 quasi
341 2192 534 2248 sensurum,
553 2183 678 2237 nautae
696 2171 831 2237 calcare
847 2183 1019 2246 verentur,

92 2279 335 2365 appellantque
352 2277 501 2343 Lichan.

528 2383 577 2450 At
591 2396 640 2460 tu,
654 2384 751 2470 Jovis
768 2384 884 2450 inclita
901 2387 1027 2471 proleS,

92 2491 270 2557 arboribus
287 2491 409 2568 caesio,
427 2513 513 2580 quas
530 2494 638 2559 ardua
654 2505 810 2580 gesserat
826 2494 926 2568 Oete,
1092 2527 1144 2580 230

91 2598 195 2686 inque
211 2620 334 2685 pyram
352 2599 497 2675 structiS,
517 2620 635 2665 arcum
653 2601 918 2688 pharetramque
935 2622 1101 2688 capacem

92 2726 269 2793 regnaque
285 2705 417 2770 visuras
433 2705 555 2771 iterum
574 2707 728 2796 Trojana
746 2709 887 2796 sagittas
950 2762 953 2767 .

92 2813 180 2877 serre
193 2812 294 2900 jubes
311 2811 462 2878 Poeante
478 2825 602 2888 satum,
621 2836 689 2902 quo
706 2815 846 2880 flamma
864 2816 1016 2880 ministro

92 2920 248 2993 subdita3
273 2919 423 3006 dumque
441 2920 550 2986 avidis
567 2905 823 3009 comprenditur
839 2924 976 3010 ignibus
994 2944 1117 3011 agger,

50 3102 53 3111 1
92 3025 290 3113 congeriem
308 3025 413 3090 silvae
430 3025 609 3094 Nemeaeo
626 3030 753 3094 vellere
770 3050 940 3093 summam
1090 3059 1141 3116 235

91 3131 226 3207 sternis,
245 3142 278 3197 et
293 3131 451 3217 imposita
469 3136 589 3200 clavae
607 3135 740 3201 cervice
757 3135 940 3209 recumbis,

92 3239 184 3304 haud
202 3238 270 3304 alio
285 3240 394 3315 vultu,
413 3264 516 3329 quam
535 3244 563 3308 si
581 3243 725 3308 conviva
738 3241 872 3329 jaceres

91 3345 179 3410 inter
195 3345 299 3431 plena
315 3347 399 3412 meri
419 3349 594 3415 redimitus
611 3348 735 3435 pocula
753 3348 861 3412 sertis.

32 3450 35 3455 ’
131 3452 281 3538 Jamque
296 3455 416 3521 valens
432 3466 466 3522 et
481 3457 517 3520 in
534 3477 636 3521 omne
652 3455 740 3519 latus
758 3453 881 3519 diffusa
899 3454 1054 3530 sonabat,

92 3578 299 3646 securosque
316 3571 409 3626 a'rtus
426 3572 761 3647 contemptoremque
779 3560 914 3644 petebat
1091 3590 1144 3643 240

92 3665 232 3732 flamma
249 3691 360 3735 suum.
410 3668 574 3733 Timuere
591 3667 645 3732 dei
663 3689 724 3752 pro
741 3667 876 3730 vindice
893 3677 1024 3730 terrae:

92 3796 178 3862 quos
194 3777 254 3853 ita,
271 3760 378 3841 sensit
394 3775 499 3850 enim,
518 3774 607 3839 laeto
625 3772 806 3838 Saturnius
823 3793 881 3836 ore

87 3882 246 3972 Juppiter
263 3882 476 3968 adloquitur:
504 3879 657 3949 ‘Nostra
673 3890 727 3948 est
740 3879 844 3948 timor
859 3879 929 3946 iste
941 3880 1127 3963 uoluptas,
