<?xml version="1.0" encoding="UTF-8"?>
<!DOCTYPE html PUBLIC "-//W3C//DTD XHTML 1.0 Transitional//EN"
    "http://www.w3.org/TR/xhtml1/DTD/xhtml1-transitional.dtd">
<html xmlns="http://www.w3.org/1999/xhtml" xml:lang="en" lang="en">
 <head>
  <title>
</title>
<meta http-equiv="Content-Type" content="text/html;charset=utf-8" />
  <meta name='ocr-system' content='tesseract 3.04.00' />
  <meta name='ocr-capabilities' content='ocr_page ocr_carea ocr_par ocr_line ocrx_word'/>
</head>
<body>
  <div class='ocr_page' id='page_1' title='image "./publiovidiinaso00allegoog_0323.png"; bbox 0 0 2490 4208; ppageno 0'>
   <div class='ocr_carea' id='block_1_1' title="bbox 91 170 1144 264">
    <p class='ocr_par' dir='ltr' id='par_1_1' title="bbox 91 170 1144 264">
     <span class='ocr_line' id='line_1_1' title="bbox 91 170 1144 264; baseline 0.008 -24"><span class='ocrx_word' id='word_1_1' title='bbox 91 196 156 264; x_wconf 89' lang='lat'><strong>144</strong></span> <span class='ocrx_word' id='word_1_2' title='bbox 316 174 388 241; x_wconf 76' lang='lat' dir='ltr'><strong>Tae</strong></span> <span class='ocrx_word' id='word_1_3' title='bbox 421 173 567 240; x_wconf 79' lang='lat' dir='ltr'><strong>Wz‘sdom</strong></span> <span class='ocrx_word' id='word_1_4' title='bbox 591 173 638 258; x_wconf 88' lang='lat' dir='ltr'><strong>of</strong></span> <span class='ocrx_word' id='word_1_5' title='bbox 651 171 758 258; x_wconf 80' lang='lat' dir='ltr'><strong>King</strong></span> <span class='ocrx_word' id='word_1_6' title='bbox 775 170 912 240; x_wconf 86' lang='lat' dir='ltr'><em>Numa.</em></span> <span class='ocrx_word' id='word_1_7' title='bbox 999 189 1144 262; x_wconf 67' lang='lat' dir='ltr'><strong>[Madau</strong></span> 
     </span>
    </p>
   </div>
   <div class='ocr_carea' id='block_1_2' title="bbox 69 371 1141 3445">
    <p class='ocr_par' dir='ltr' id='par_1_2' title="bbox 90 371 1103 670">
     <span class='ocr_line' id='line_1_2' title="bbox 90 371 1039 448; baseline 0 -11"><span class='ocrx_word' id='word_1_8' title='bbox 90 383 149 437; x_wconf 89' lang='lat' dir='ltr'><strong>aut</strong></span> <span class='ocrx_word' id='word_1_9' title='bbox 165 372 342 437; x_wconf 91' lang='lat' dir='ltr'><strong>hominum</strong></span> <span class='ocrx_word' id='word_1_10' title='bbox 360 382 463 447; x_wconf 85' lang='lat' dir='ltr'><strong>certe,</strong></span> <span class='ocrx_word' id='word_1_11' title='bbox 482 381 553 435; x_wconf 91' lang='lat' dir='ltr'><strong>tuta</strong></span> <span class='ocrx_word' id='word_1_12' title='bbox 570 391 645 435; x_wconf 87' lang='lat' dir='ltr'><strong>esse</strong></span> <span class='ocrx_word' id='word_1_13' title='bbox 661 380 695 435; x_wconf 91' lang='lat' dir='ltr'><strong>et</strong></span> <span class='ocrx_word' id='word_1_14' title='bbox 711 371 854 434; x_wconf 89' lang='lat' dir='ltr'><strong>honesta</strong></span> <span class='ocrx_word' id='word_1_15' title='bbox 871 371 1039 448; x_wconf 89' lang='lat' dir='ltr'><strong>sinamus,</strong></span> 
     </span>
     <span class='ocr_line' id='line_1_3' title="bbox 90 477 918 564; baseline -0.004 -21"><span class='ocrx_word' id='word_1_16' title='bbox 90 501 176 544; x_wconf 89' lang='lat' dir='ltr'><strong>neve</strong></span> <span class='ocrx_word' id='word_1_17' title='bbox 193 479 377 564; x_wconf 88' lang='lat' dir='ltr'>Thyesteis</span> <span class='ocrx_word' id='word_1_18' title='bbox 396 479 610 542; x_wconf 87' lang='lat' dir='ltr'><strong>cumulemus</strong></span> <span class='ocrx_word' id='word_1_19' title='bbox 627 477 760 541; x_wconf 91' lang='lat' dir='ltr'><strong>viscera</strong></span> <span class='ocrx_word' id='word_1_20' title='bbox 778 477 918 542; x_wconf 88' lang='lat' dir='ltr'><strong>mensis.</strong></span> 
     </span>
     <span class='ocr_line' id='line_1_4' title="bbox 137 582 1103 670; baseline 0 -22"><span class='ocrx_word' id='word_1_21' title='bbox 137 596 146 626; x_wconf 82' lang='lat'><strong><em>⁴</em></strong></span> <span class='ocrx_word' id='word_1_22' title='bbox 163 584 280 670; x_wconf 66' lang='lat' dir='ltr'><strong>Quam</strong></span> <span class='ocrx_word' id='word_1_23' title='bbox 297 586 387 648; x_wconf 89' lang='lat' dir='ltr'><strong>male</strong></span> <span class='ocrx_word' id='word_1_24' title='bbox 404 583 608 659; x_wconf 89' lang='lat' dir='ltr'><strong>consuescit,</strong></span> <span class='ocrx_word' id='word_1_25' title='bbox 628 604 731 669; x_wconf 89' lang='lat' dir='ltr'><strong>quam</strong></span> <span class='ocrx_word' id='word_1_26' title='bbox 749 604 785 647; x_wconf 92' lang='lat' dir='ltr'><strong>se</strong></span> <span class='ocrx_word' id='word_1_27' title='bbox 802 594 899 667; x_wconf 89' lang='lat' dir='ltr'><strong>parat</strong></span> <span class='ocrx_word' id='word_1_28' title='bbox 913 582 971 650; x_wconf 89' lang='lat' dir='ltr'><strong>ille</strong></span> <span class='ocrx_word' id='word_1_29' title='bbox 989 584 1103 650; x_wconf 90' lang='lat' dir='ltr'><strong>cruori</strong></span> 
     </span>
    </p>

    <p class='ocr_par' dir='ltr' id='par_1_3' title="bbox 89 688 844 776">
     <span class='ocr_line' id='line_1_5' title="bbox 89 688 844 776; baseline -0.001 -21"><span class='ocrx_word' id='word_1_30' title='bbox 89 691 215 776; x_wconf 91' lang='lat' dir='ltr'><strong>impius</strong></span> <span class='ocrx_word' id='word_1_31' title='bbox 232 694 396 767; x_wconf 92' lang='lat' dir='ltr'><strong>humano,</strong></span> <span class='ocrx_word' id='word_1_32' title='bbox 414 690 509 755; x_wconf 91' lang='lat' dir='ltr'><strong>vituli</strong></span> <span class='ocrx_word' id='word_1_33' title='bbox 526 689 585 776; x_wconf 89' lang='lat' dir='ltr'><strong>qui</strong></span> <span class='ocrx_word' id='word_1_34' title='bbox 601 701 737 776; x_wconf 87' lang='lat' dir='ltr'><strong>guttura</strong></span> <span class='ocrx_word' id='word_1_35' title='bbox 754 688 844 754; x_wconf 85' lang='lat' dir='ltr'><strong>ferro</strong></span> 
     </span>
    </p>

    <p class='ocr_par' dir='ltr' id='par_1_4' title="bbox 69 793 1139 991">
     <span class='ocr_line' id='line_1_6' title="bbox 89 793 1139 883; baseline -0.001 -22"><span class='ocrx_word' id='word_1_36' title='bbox 89 798 228 883; x_wconf 87' lang='lat' dir='ltr'><strong>rumpit,</strong></span> <span class='ocrx_word' id='word_1_37' title='bbox 247 809 281 864; x_wconf 89' lang='lat' dir='ltr'><strong>et</strong></span> <span class='ocrx_word' id='word_1_38' title='bbox 294 799 440 862; x_wconf 90' lang='lat' dir='ltr'><strong>inmotas</strong></span> <span class='ocrx_word' id='word_1_39' title='bbox 457 796 600 881; x_wconf 88' lang='lat' dir='ltr'>praebet</span> <span class='ocrx_word' id='word_1_40' title='bbox 616 795 801 883; x_wconf 89' lang='lat' dir='ltr'><strong>mugitibus</strong></span> <span class='ocrx_word' id='word_1_41' title='bbox 819 793 940 861; x_wconf 82' lang='lat' dir='ltr'><strong>aures!</strong></span> <span class='ocrx_word' id='word_1_42' title='bbox 1089 812 1139 881; x_wconf 78' lang='lat'><strong>465</strong></span> 
     </span>
     <span class='ocr_line' id='line_1_7' title="bbox 69 902 892 991; baseline -0.004 -23"><span class='ocrx_word' id='word_1_43' title='bbox 69 926 73 933; x_wconf 94' lang='lat'><em>·</em></span> <span class='ocrx_word' id='word_1_44' title='bbox 90 916 148 969; x_wconf 89' lang='lat' dir='ltr'><strong>aut</strong></span> <span class='ocrx_word' id='word_1_45' title='bbox 163 905 222 991; x_wconf 90' lang='lat' dir='ltr'><strong>qui</strong></span> <span class='ocrx_word' id='word_1_46' title='bbox 238 905 374 991; x_wconf 77' lang='lat' dir='ltr'><strong>vagitus</strong></span> <span class='ocrx_word' id='word_1_47' title='bbox 392 903 521 967; x_wconf 88' lang='lat' dir='ltr'><strong>similes</strong></span> <span class='ocrx_word' id='word_1_48' title='bbox 538 902 726 988; x_wconf 89' lang='lat' dir='ltr'><strong>puerilibus</strong></span> <span class='ocrx_word' id='word_1_49' title='bbox 743 902 892 965; x_wconf 90' lang='lat' dir='ltr'><strong>haedum</strong></span> 
     </span>
    </p>

    <p class='ocr_par' dir='ltr' id='par_1_5' title="bbox 90 1007 856 1098">
     <span class='ocr_line' id='line_1_8' title="bbox 90 1007 856 1098; baseline -0.005 -24"><span class='ocrx_word' id='word_1_50' title='bbox 90 1011 247 1075; x_wconf 87' lang='lat' dir='ltr'><strong>edentem</strong></span> <span class='ocrx_word' id='word_1_51' title='bbox 259 1010 421 1098; x_wconf 78' lang='lat' dir='ltr'><strong>jugulare</strong></span> <span class='ocrx_word' id='word_1_52' title='bbox 438 1019 560 1094; x_wconf 91' lang='lat' dir='ltr'><strong>potest,</strong></span> <span class='ocrx_word' id='word_1_53' title='bbox 580 1018 638 1072; x_wconf 89' lang='lat' dir='ltr'><strong>aut</strong></span> <span class='ocrx_word' id='word_1_54' title='bbox 654 1008 733 1073; x_wconf 90' lang='lat' dir='ltr'><strong>alite</strong></span> <span class='ocrx_word' id='word_1_55' title='bbox 750 1007 856 1083; x_wconf 92' lang='lat' dir='ltr'><strong>vesci,</strong></span> 
     </span>
    </p>

    <p class='ocr_par' dir='ltr' id='par_1_6' title="bbox 90 1113 1137 1309">
     <span class='ocr_line' id='line_1_9' title="bbox 90 1113 1137 1201; baseline 0.001 -20"><span class='ocrx_word' id='word_1_56' title='bbox 90 1117 144 1181; x_wconf 93' lang='lat' dir='ltr'><strong>cui</strong></span> <span class='ocrx_word' id='word_1_57' title='bbox 161 1116 255 1181; x_wconf 90' lang='lat' dir='ltr'><strong>dedit</strong></span> <span class='ocrx_word' id='word_1_58' title='bbox 271 1116 344 1201; x_wconf 93' lang='lat' dir='ltr'><strong>ipse</strong></span> <span class='ocrx_word' id='word_1_59' title='bbox 362 1114 478 1181; x_wconf 85' lang='lat' dir='ltr'><strong>cibosl</strong></span> <span class='ocrx_word' id='word_1_60' title='bbox 527 1113 706 1200; x_wconf 69' lang='lat' dir='ltr'><strong>Quantum</strong></span> <span class='ocrx_word' id='word_1_61' title='bbox 721 1125 786 1190; x_wconf 89' lang='lat' dir='ltr'><strong>est,</strong></span> <span class='ocrx_word' id='word_1_62' title='bbox 804 1114 897 1200; x_wconf 91' lang='lat' dir='ltr'><strong>quod</strong></span> <span class='ocrx_word' id='word_1_63' title='bbox 914 1114 1002 1181; x_wconf 90' lang='lat' dir='ltr'><strong>desit</strong></span> <span class='ocrx_word' id='word_1_64' title='bbox 1017 1114 1054 1182; x_wconf 90' lang='lat' dir='ltr'><strong>in</strong></span> <span class='ocrx_word' id='word_1_65' title='bbox 1070 1114 1137 1182; x_wconf 88' lang='lat' dir='ltr'><strong>istis</strong></span> 
     </span>
     <span class='ocr_line' id='line_1_10' title="bbox 90 1211 1011 1309; baseline 0 -22"><span class='ocrx_word' id='word_1_66' title='bbox 90 1223 134 1288; x_wconf 90' lang='lat' dir='ltr'><strong>ad</strong></span> <span class='ocrx_word' id='word_1_67' title='bbox 150 1224 290 1308; x_wconf 92' lang='lat' dir='ltr'><strong>plenum</strong></span> <span class='ocrx_word' id='word_1_68' title='bbox 307 1221 463 1288; x_wconf 84' lang='lat' dir='ltr'><strong>facinus?</strong></span> <span class='ocrx_word' id='word_1_69' title='bbox 486 1244 554 1309; x_wconf 93' lang='lat' dir='ltr'><strong>quo</strong></span> <span class='ocrx_word' id='word_1_70' title='bbox 570 1222 731 1286; x_wconf 88' lang='lat' dir='ltr'><strong>transitus</strong></span> <span class='ocrx_word' id='word_1_71' title='bbox 748 1221 827 1286; x_wconf 91' lang='lat' dir='ltr'><strong>inde</strong></span> <span class='ocrx_word' id='word_1_72' title='bbox 844 1234 983 1307; x_wconf 88' lang='lat' dir='ltr'><strong>paratur</strong></span> <span class='ocrx_word' id='word_1_73' title='bbox 991 1211 1011 1288; x_wconf 63' lang='grc' dir='ltr'><em>ἕ</em></span> 
     </span>
    </p>

    <p class='ocr_par' dir='ltr' id='par_1_7' title="bbox 88 1327 1137 1626">
     <span class='ocr_line' id='line_1_11' title="bbox 88 1327 1137 1414; baseline -0.001 -20"><span class='ocrx_word' id='word_1_74' title='bbox 88 1329 151 1394; x_wconf 95' lang='lat' dir='ltr'><strong>bos</strong></span> <span class='ocrx_word' id='word_1_75' title='bbox 168 1339 251 1406; x_wconf 89' lang='lat' dir='ltr'><strong>aret,</strong></span> <span class='ocrx_word' id='word_1_76' title='bbox 271 1340 329 1393; x_wconf 92' lang='lat' dir='ltr'><strong>aut</strong></span> <span class='ocrx_word' id='word_1_77' title='bbox 345 1340 487 1394; x_wconf 91' lang='lat' dir='ltr'><strong>mortem</strong></span> <span class='ocrx_word' id='word_1_78' title='bbox 505 1328 695 1393; x_wconf 91' lang='lat' dir='ltr'><strong>senioribus</strong></span> <span class='ocrx_word' id='word_1_79' title='bbox 712 1327 855 1413; x_wconf 81' lang='lat' dir='ltr'><strong>imputet</strong></span> <span class='ocrx_word' id='word_1_80' title='bbox 870 1329 991 1404; x_wconf 85' lang='lat' dir='ltr'><strong>annis3</strong></span> <span class='ocrx_word' id='word_1_81' title='bbox 1087 1359 1137 1414; x_wconf 86' lang='lat'><strong>470</strong></span> 
     </span>
     <span class='ocr_line' id='line_1_12' title="bbox 90 1434 1031 1509; baseline -0.001 -9"><span class='ocrx_word' id='word_1_82' title='bbox 90 1436 292 1501; x_wconf 85' lang='lat' dir='ltr'><strong>horriferum</strong></span> <span class='ocrx_word' id='word_1_83' title='bbox 310 1446 428 1500; x_wconf 89' lang='lat' dir='ltr'><strong>contra</strong></span> <span class='ocrx_word' id='word_1_84' title='bbox 444 1434 581 1500; x_wconf 88' lang='lat' dir='ltr'><strong>Borean</strong></span> <span class='ocrx_word' id='word_1_85' title='bbox 598 1434 671 1500; x_wconf 91' lang='lat' dir='ltr'><strong>ovis</strong></span> <span class='ocrx_word' id='word_1_86' title='bbox 689 1455 784 1498; x_wconf 89' lang='lat' dir='ltr'><strong>arma</strong></span> <span class='ocrx_word' id='word_1_87' title='bbox 801 1434 987 1509; x_wconf 83' lang='lat' dir='ltr'><strong>ministret3</strong></span> <span class='ocrx_word' id='word_1_88' title='bbox 1028 1450 1031 1454; x_wconf 84' lang='grc'>·</span> 
     </span>
     <span class='ocr_line' id='line_1_13' title="bbox 89 1541 1014 1626; baseline -0.002 -19"><span class='ocrx_word' id='word_1_89' title='bbox 89 1543 196 1607; x_wconf 92' lang='lat' dir='ltr'><strong>ubera</strong></span> <span class='ocrx_word' id='word_1_90' title='bbox 212 1543 293 1609; x_wconf 91' lang='lat' dir='ltr'><strong>dent</strong></span> <span class='ocrx_word' id='word_1_91' title='bbox 309 1553 445 1607; x_wconf 89' lang='lat' dir='ltr'><strong>saturae</strong></span> <span class='ocrx_word' id='word_1_92' title='bbox 455 1541 619 1607; x_wconf 85' lang='lat' dir='ltr'><strong>manibus</strong></span> <span class='ocrx_word' id='word_1_93' title='bbox 636 1541 826 1626; x_wconf 81' lang='lat' dir='ltr'><strong>pressanda</strong></span> <span class='ocrx_word' id='word_1_94' title='bbox 844 1541 1014 1626; x_wconf 88' lang='lat' dir='ltr'><strong>capellae.</strong></span> 
     </span>
    </p>

    <p class='ocr_par' dir='ltr' id='par_1_8' title="bbox 89 1647 933 1734">
     <span class='ocr_line' id='line_1_14' title="bbox 89 1647 933 1734; baseline -0.001 -20"><span class='ocrx_word' id='word_1_95' title='bbox 89 1649 174 1714; x_wconf 88' lang='lat' dir='ltr'><strong>retia</strong></span> <span class='ocrx_word' id='word_1_96' title='bbox 190 1669 269 1713; x_wconf 92' lang='lat' dir='ltr'><strong>cum</strong></span> <span class='ocrx_word' id='word_1_97' title='bbox 285 1648 429 1734; x_wconf 92' lang='lat' dir='ltr'><strong>pedicis,</strong></span> <span class='ocrx_word' id='word_1_98' title='bbox 447 1649 601 1734; x_wconf 89' lang='lat' dir='ltr'><strong>laqueos,</strong></span> <span class='ocrx_word' id='word_1_99' title='bbox 622 1659 777 1734; x_wconf 88' lang='lat' dir='ltr'><strong>artesque</strong></span> <span class='ocrx_word' id='word_1_100' title='bbox 795 1647 933 1713; x_wconf 88' lang='lat' dir='ltr'><strong>dolosas</strong></span> 
     </span>
    </p>

    <p class='ocr_par' dir='ltr' id='par_1_9' title="bbox 89 1753 902 1841">
     <span class='ocr_line' id='line_1_15' title="bbox 89 1753 902 1841; baseline -0.005 -20"><span class='ocrx_word' id='word_1_101' title='bbox 89 1755 214 1830; x_wconf 86' lang='lat' dir='ltr'><strong>tollite3</strong></span> <span class='ocrx_word' id='word_1_102' title='bbox 240 1776 305 1819; x_wconf 91' lang='lat' dir='ltr'><strong>nec</strong></span> <span class='ocrx_word' id='word_1_103' title='bbox 320 1756 495 1821; x_wconf 90' lang='lat' dir='ltr'><strong>volucrem</strong></span> <span class='ocrx_word' id='word_1_104' title='bbox 511 1754 641 1819; x_wconf 89' lang='lat' dir='ltr'><strong>viscata</strong></span> <span class='ocrx_word' id='word_1_105' title='bbox 658 1754 763 1819; x_wconf 85' lang='lat' dir='ltr'><strong>fallite</strong></span> <span class='ocrx_word' id='word_1_106' title='bbox 781 1753 902 1841; x_wconf 86' lang='lat' dir='ltr'><strong>virga;</strong></span> 
     </span>
    </p>

    <p class='ocr_par' dir='ltr' id='par_1_10' title="bbox 89 1860 1138 2035">
     <span class='ocr_line' id='line_1_16' title="bbox 89 1860 1138 1948; baseline -0.002 -20"><span class='ocrx_word' id='word_1_107' title='bbox 89 1885 154 1928; x_wconf 92' lang='lat' dir='ltr'><strong>nec</strong></span> <span class='ocrx_word' id='word_1_108' title='bbox 170 1861 359 1928; x_wconf 83' lang='lat' dir='ltr'><strong>formidatis</strong></span> <span class='ocrx_word' id='word_1_109' title='bbox 376 1882 496 1927; x_wconf 89' lang='lat' dir='ltr'><strong>cervos</strong></span> <span class='ocrx_word' id='word_1_110' title='bbox 512 1861 643 1927; x_wconf 88' lang='lat' dir='ltr'><strong>illudite</strong></span> <span class='ocrx_word' id='word_1_111' title='bbox 660 1860 804 1946; x_wconf 82' lang='lat' dir='ltr'><strong>pennis3</strong></span> <span class='ocrx_word' id='word_1_112' title='bbox 1089 1890 1138 1948; x_wconf 76' lang='lat'><strong>475</strong></span> 
     </span>
     <span class='ocr_line' id='line_1_17' title="bbox 89 1968 853 2035; baseline -0.004 0"><span class='ocrx_word' id='word_1_113' title='bbox 89 1991 154 2035; x_wconf 90' lang='lat' dir='ltr'><strong>nec</strong></span> <span class='ocrx_word' id='word_1_114' title='bbox 171 1972 278 2034; x_wconf 91' lang='lat' dir='ltr'><strong>celate</strong></span> <span class='ocrx_word' id='word_1_115' title='bbox 296 1969 380 2034; x_wconf 93' lang='lat' dir='ltr'><strong>cibis</strong></span> <span class='ocrx_word' id='word_1_116' title='bbox 397 1990 504 2034; x_wconf 92' lang='lat' dir='ltr'><strong>uncos</strong></span> <span class='ocrx_word' id='word_1_117' title='bbox 521 1968 701 2033; x_wconf 87' lang='lat' dir='ltr'><strong>fallacibus</strong></span> <span class='ocrx_word' id='word_1_118' title='bbox 718 1969 853 2035; x_wconf 92' lang='lat' dir='ltr'><strong>hamos.</strong></span> 
     </span>
    </p>

    <p class='ocr_par' dir='ltr' id='par_1_11' title="bbox 89 2065 1139 2164">
     <span class='ocr_line' id='line_1_18' title="bbox 89 2065 1139 2164; baseline -0.003 -22"><span class='ocrx_word' id='word_1_119' title='bbox 89 2076 220 2164; x_wconf 92' lang='lat' dir='ltr'><strong>perdite</strong></span> <span class='ocrx_word' id='word_1_120' title='bbox 251 2077 349 2163; x_wconf 91' lang='lat' dir='ltr'><strong>siqua</strong></span> <span class='ocrx_word' id='word_1_121' title='bbox 381 2085 518 2151; x_wconf 85' lang='lat' dir='ltr'><strong>nocent,</strong></span> <span class='ocrx_word' id='word_1_122' title='bbox 550 2065 670 2140; x_wconf 88' lang='lat' dir='ltr'><strong>verum</strong></span> <span class='ocrx_word' id='word_1_123' title='bbox 706 2075 794 2140; x_wconf 90' lang='lat' dir='ltr'><strong>haec</strong></span> <span class='ocrx_word' id='word_1_124' title='bbox 832 2096 970 2163; x_wconf 89' lang='lat' dir='ltr'><strong>quoque</strong></span> <span class='ocrx_word' id='word_1_125' title='bbox 1009 2074 1139 2160; x_wconf 88' lang='lat' dir='ltr'><strong>perdite</strong></span> 
     </span>
    </p>

    <p class='ocr_par' dir='ltr' id='par_1_12' title="bbox 89 2191 974 2482">
     <span class='ocr_line' id='line_1_19' title="bbox 223 2191 581 2247; baseline -0.006 0"><span class='ocrx_word' id='word_1_126' title='bbox 223 2192 376 2247; x_wconf 85' lang='lat' dir='ltr'><strong>tantum:</strong></span> <span class='ocrx_word' id='word_1_127' title='bbox 579 2191 581 2194; x_wconf 77' lang='grc'>’</span> 
     </span>
     <span class='ocr_line' id='line_1_20' title="bbox 89 2287 974 2375; baseline -0.003 -20"><span class='ocrx_word' id='word_1_128' title='bbox 89 2310 150 2355; x_wconf 87' lang='lat' dir='ltr'><strong>ora</strong></span> <span class='ocrx_word' id='word_1_129' title='bbox 166 2300 288 2354; x_wconf 91' lang='lat' dir='ltr'><strong>vacent</strong></span> <span class='ocrx_word' id='word_1_130' title='bbox 303 2288 427 2374; x_wconf 90' lang='lat' dir='ltr'><strong>epulis,</strong></span> <span class='ocrx_word' id='word_1_131' title='bbox 446 2288 676 2375; x_wconf 89' lang='lat' dir='ltr'><strong>alimentaque</strong></span> <span class='ocrx_word' id='word_1_132' title='bbox 694 2287 788 2353; x_wconf 85' lang='lat' dir='ltr'><strong>mitia</strong></span> <span class='ocrx_word' id='word_1_133' title='bbox 805 2288 974 2373; x_wconf 89' lang='lat' dir='ltr'><strong>carpant.&#39;</strong></span> 
     </span>
     <span class='ocr_line' id='line_1_21' title="bbox 133 2394 936 2482; baseline -0.002 -22"><span class='ocrx_word' id='word_1_134' title='bbox 133 2394 278 2460; x_wconf 89' lang='lat' dir='ltr'><strong>Talibus</strong></span> <span class='ocrx_word' id='word_1_135' title='bbox 296 2405 396 2482; x_wconf 90' lang='lat' dir='ltr'><strong>atque</strong></span> <span class='ocrx_word' id='word_1_136' title='bbox 412 2395 488 2460; x_wconf 87' lang='lat' dir='ltr'><strong>aliis</strong></span> <span class='ocrx_word' id='word_1_137' title='bbox 504 2395 666 2460; x_wconf 88' lang='lat' dir='ltr'><strong>instructo</strong></span> <span class='ocrx_word' id='word_1_138' title='bbox 683 2406 820 2480; x_wconf 90' lang='lat' dir='ltr'><strong>pectore</strong></span> <span class='ocrx_word' id='word_1_139' title='bbox 837 2394 936 2460; x_wconf 88' lang='lat' dir='ltr'><strong>dictis</strong></span> 
     </span>
    </p>

    <p class='ocr_par' dir='ltr' id='par_1_13' title="bbox 88 2500 1141 2693">
     <span class='ocr_line' id='line_1_22' title="bbox 88 2500 1141 2588; baseline 0.004 -22"><span class='ocrx_word' id='word_1_140' title='bbox 88 2500 124 2566; x_wconf 92' lang='lat' dir='ltr'><strong>in</strong></span> <span class='ocrx_word' id='word_1_141' title='bbox 142 2502 286 2587; x_wconf 89' lang='lat' dir='ltr'><strong>patriam</strong></span> <span class='ocrx_word' id='word_1_142' title='bbox 302 2522 475 2566; x_wconf 89' lang='lat' dir='ltr'><strong>remeasse</strong></span> <span class='ocrx_word' id='word_1_143' title='bbox 491 2500 616 2576; x_wconf 89' lang='lat' dir='ltr'><strong>serunt,</strong></span> <span class='ocrx_word' id='word_1_144' title='bbox 634 2502 789 2588; x_wconf 90' lang='lat' dir='ltr'><strong>ultroque</strong></span> <span class='ocrx_word' id='word_1_145' title='bbox 807 2501 950 2586; x_wconf 84' lang='lat' dir='ltr'><strong>petitum</strong></span> <span class='ocrx_word' id='word_1_146' title='bbox 1089 2517 1141 2582; x_wconf 86' lang='lat'><strong>480</strong></span> 
     </span>
     <span class='ocr_line' id='line_1_23' title="bbox 90 2606 931 2693; baseline -0.002 -21"><span class='ocrx_word' id='word_1_147' title='bbox 90 2609 265 2693; x_wconf 90' lang='lat' dir='ltr'><strong>accepisse</strong></span> <span class='ocrx_word' id='word_1_148' title='bbox 281 2608 436 2673; x_wconf 88' lang='lat' dir='ltr'><strong>Numam</strong></span> <span class='ocrx_word' id='word_1_149' title='bbox 454 2608 571 2693; x_wconf 88' lang='lat' dir='ltr'><strong>populi</strong></span> <span class='ocrx_word' id='word_1_150' title='bbox 588 2606 738 2673; x_wconf 89' lang='lat' dir='ltr'><strong>Latiaris</strong></span> <span class='ocrx_word' id='word_1_151' title='bbox 755 2609 931 2672; x_wconf 89' lang='lat' dir='ltr'><strong>habenas:</strong></span> 
     </span>
    </p>

    <p class='ocr_par' dir='ltr' id='par_1_14' title="bbox 90 2712 993 2907">
     <span class='ocr_line' id='line_1_24' title="bbox 90 2712 993 2802; baseline -0.001 -22"><span class='ocrx_word' id='word_1_152' title='bbox 90 2714 238 2802; x_wconf 85' lang='lat' dir='ltr'><strong>conjuge</strong></span> <span class='ocrx_word' id='word_1_153' title='bbox 255 2714 312 2801; x_wconf 89' lang='lat' dir='ltr'><strong>qui</strong></span> <span class='ocrx_word' id='word_1_154' title='bbox 328 2713 411 2779; x_wconf 85' lang='lat' dir='ltr'><strong>felix</strong></span> <span class='ocrx_word' id='word_1_155' title='bbox 427 2715 583 2800; x_wconf 86' lang='lat' dir='ltr'><strong>nympha</strong></span> <span class='ocrx_word' id='word_1_156' title='bbox 598 2715 811 2801; x_wconf 91' lang='lat' dir='ltr'><strong>ducibusque</strong></span> <span class='ocrx_word' id='word_1_157' title='bbox 829 2712 993 2780; x_wconf 88' lang='lat' dir='ltr'><strong>Camenis</strong></span> 
     </span>
     <span class='ocr_line' id='line_1_25' title="bbox 90 2818 922 2907; baseline -0.001 -21"><span class='ocrx_word' id='word_1_158' title='bbox 90 2821 263 2886; x_wconf 89' lang='lat' dir='ltr'><strong>sacrificos</strong></span> <span class='ocrx_word' id='word_1_159' title='bbox 280 2820 395 2886; x_wconf 92' lang='lat' dir='ltr'><strong>docuit</strong></span> <span class='ocrx_word' id='word_1_160' title='bbox 410 2821 506 2896; x_wconf 92' lang='lat' dir='ltr'><strong>ritus,</strong></span> <span class='ocrx_word' id='word_1_161' title='bbox 526 2830 734 2907; x_wconf 88' lang='lat' dir='ltr'><strong>gentemque</strong></span> <span class='ocrx_word' id='word_1_162' title='bbox 750 2818 856 2886; x_wconf 83' lang='lat' dir='ltr'><strong>feroci</strong></span> <span class='ocrx_word' id='word_1_163' title='bbox 919 2842 922 2847; x_wconf 84' lang='lat'>·</span> 
     </span>
    </p>

    <p class='ocr_par' dir='ltr' id='par_1_15' title="bbox 90 2926 830 3012">
     <span class='ocr_line' id='line_1_26' title="bbox 90 2926 830 3012; baseline 0 -20"><span class='ocrx_word' id='word_1_164' title='bbox 90 2926 263 2992; x_wconf 73' lang='lat' dir='ltr'><strong>assue&#39;tam</strong></span> <span class='ocrx_word' id='word_1_165' title='bbox 279 2926 370 2992; x_wconf 89' lang='lat' dir='ltr'><strong>bello</strong></span> <span class='ocrx_word' id='word_1_166' title='bbox 387 2927 482 3012; x_wconf 91' lang='lat' dir='ltr'><strong>pacis</strong></span> <span class='ocrx_word' id='word_1_167' title='bbox 498 2926 649 2992; x_wconf 88' lang='lat' dir='ltr'><strong>traduxit</strong></span> <span class='ocrx_word' id='word_1_168' title='bbox 665 2928 710 2992; x_wconf 89' lang='lat' dir='ltr'><strong>ad</strong></span> <span class='ocrx_word' id='word_1_169' title='bbox 727 2939 830 2993; x_wconf 86' lang='lat' dir='ltr'><strong>artes.</strong></span> 
     </span>
    </p>

    <p class='ocr_par' dir='ltr' id='par_1_16' title="bbox 90 3032 1077 3445">
     <span class='ocr_line' id='line_1_27' title="bbox 90 3032 1077 3121; baseline -0.001 -23"><span class='ocrx_word' id='word_1_170' title='bbox 90 3035 148 3120; x_wconf 91' lang='lat' dir='ltr'><strong>qui</strong></span> <span class='ocrx_word' id='word_1_171' title='bbox 165 3044 345 3120; x_wconf 90' lang='lat' dir='ltr'><strong>postquam</strong></span> <span class='ocrx_word' id='word_1_172' title='bbox 361 3033 475 3098; x_wconf 91' lang='lat' dir='ltr'><strong>senior</strong></span> <span class='ocrx_word' id='word_1_173' title='bbox 490 3054 704 3121; x_wconf 84' lang='lat' dir='ltr'><strong>regnumque</strong></span> <span class='ocrx_word' id='word_1_174' title='bbox 722 3054 913 3119; x_wconf 88' lang='lat' dir='ltr'><strong>aevumque</strong></span> <span class='ocrx_word' id='word_1_175' title='bbox 930 3032 1077 3120; x_wconf 84' lang='lat' dir='ltr'><strong>peregit,</strong></span> 
     </span>
     <span class='ocr_line' id='line_1_28' title="bbox 91 3137 1058 3226; baseline 0 -22"><span class='ocrx_word' id='word_1_176' title='bbox 91 3137 294 3205; x_wconf 86' lang='lat' dir='ltr'><strong>exstinctum</strong></span> <span class='ocrx_word' id='word_1_177' title='bbox 312 3139 500 3226; x_wconf 88' lang='lat' dir='ltr'><strong>Latiaeque</strong></span> <span class='ocrx_word' id='word_1_178' title='bbox 518 3160 624 3204; x_wconf 87' lang='lat' dir='ltr'><strong>nurus</strong></span> <span class='ocrx_word' id='word_1_179' title='bbox 639 3140 768 3224; x_wconf 93' lang='lat' dir='ltr'><strong>populu</strong></span> <span class='ocrx_word' id='word_1_180' title='bbox 811 3160 853 3203; x_wconf 91' lang='lat' dir='ltr'><strong>ue</strong></span> <span class='ocrx_word' id='word_1_181' title='bbox 870 3138 1058 3225; x_wconf 88' lang='lat' dir='ltr'><strong>Patresque</strong></span> 
     </span>
     <span class='ocr_line' id='line_1_29' title="bbox 91 3161 1000 3445; baseline -0.013 -133"><span class='ocrx_word' id='word_1_182' title='bbox 91 3247 261 3312; x_wconf 90' lang='lat' dir='ltr'><strong>deflevere</strong></span> <span class='ocrx_word' id='word_1_183' title='bbox 278 3246 444 3311; x_wconf 89' lang='lat' dir='ltr'><strong>Numam.</strong></span> <span class='ocrx_word' id='word_1_184' title='bbox 525 3293 529 3299; x_wconf 90' lang='lat'><strong>.</strong></span> <span class='ocrx_word' id='word_1_185' title='bbox 735 3161 810 3445; x_wconf 45' lang='lat' dir='ltr'><em>ff</em></span> <span class='ocrx_word' id='word_1_186' title='bbox 847 3268 850 3289; x_wconf 81' lang='lat'>÷</span> <span class='ocrx_word' id='word_1_187' title='bbox 899 3249 933 3315; x_wconf 57' lang='lat' dir='ltr'><strong>(t</strong></span> <span class='ocrx_word' id='word_1_188' title='bbox 971 3279 1000 3321; x_wconf 24' lang='grc' dir='ltr'>ἢ</span> 
     </span>
    </p>
   </div>
   <div class='ocr_carea' id='block_1_3' title="bbox 733 3318 1000 3482">
    <p class='ocr_par' dir='ltr' id='par_1_17' title="bbox 733 3318 1000 3482">
     <span class='ocr_line' id='line_1_30' title="bbox 733 3318 1000 3441; baseline 0.004 -1"><span class='ocrx_word' id='word_1_189' title='bbox 733 3396 789 3440; x_wconf 69' lang='lat' dir='ltr'><em>‘·¹-J</em></span> <span class='ocrx_word' id='word_1_190' title='bbox 831 3354 865 3410; x_wconf 53' lang='lat' dir='ltr'><strong>&#39;v</strong></span> <span class='ocrx_word' id='word_1_191' title='bbox 917 3318 934 3419; x_wconf 50' lang='grc' dir='ltr'>Κ</span> <span class='ocrx_word' id='word_1_192' title='bbox 973 3340 1000 3441; x_wconf 71' lang='lat' dir='ltr'><strong>l</strong></span> 
     </span>
     <span class='ocr_line' id='line_1_31' title="bbox 744 3448 762 3482; baseline 0 -13"><span class='ocrx_word' id='word_1_193' title='bbox 744 3448 762 3482; x_wconf 53' lang='lat'><strong>&#39;¹&#39;</strong></span> 
     </span>
    </p>
   </div>
   <div class='ocr_carea' id='block_1_4' title="bbox 0 0 1250 4208">
    <p class='ocr_par' dir='ltr' id='par_1_18' title="bbox 0 0 1250 4208">
     <span class='ocr_line' id='line_1_32' title="bbox 0 0 1250 4208; baseline 0 0"><span class='ocrx_word' id='word_1_194' title='bbox 0 0 1250 4208; x_wconf 95' lang='lat' dir='ltr'><strong> </strong></span> 
     </span>
    </p>
   </div>
  </div>
 </body>
</html>
