2490 4208
89 183 155 270 178
338 285 343 293 Ι
463 186 613 253 Skorter
634 188 770 254 Poems.
1005 200 1154 272 [Tarsus

88 381 225 469 Perque
244 402 352 448 novos
370 393 490 467 pontes
508 384 832 449 subterlabentibus
848 380 951 447 undis

136 488 278 553 Ducunt
295 486 478 552 Sarmatici
494 489 641 554 barbara
658 491 811 575 plaustra
828 490 947 553 boves.

88 593 160 660 Vix
177 595 336 682 equidem
357 594 500 658 credar:
525 595 587 660 sed
604 616 683 658 cum
701 596 767 659 sint
782 593 938 679 praemia
955 590 1036 658 falsi
1117 593 1156 679 35'

135 701 261 778 Nulla,¹
274 713 384 765 ratam
402 701 504 765 debet
519 700 613 765 testis
630 702 757 766 habere
773 701 891 765 fidem.

91 807 250 874 Vidimus
266 808 442 896 ingentem
461 805 576 893 glacie
593 806 778 871 consistere
795 817 951 891 pontum,

135 914 355 1001 Lubricaque
372 913 519 978 inmotas
537 922 622 977 testa
639 913 817 997 premebat
833 932 955 998 aquas.

90 1020 169 1088 Nec
184 1020 311 1087 vidisse
328 1031 380 1086 sat
394 1031 465 1086 est:
491 1019 615 1084 durum
633 1018 844 1083 calcavimus
861 1037 1005 1104 aequor,

135 1127 308 1214 Undaque
324 1149 393 1193 non
409 1128 478 1193 udo
494 1126 558 1191 sub
574 1125 663 1210 pede
680 1145 814 1188 summa
831 1123 906 1188 suit.
1117 1153 1151 1205 40

91 1233 129 1299 Si
147 1234 206 1299 tibi
222 1235 290 1300 tale
306 1234 428 1299 fretum
445 1233 632 1320 quondam,
650 1229 825 1307 Leandre,
844 1229 977 1305 fuisset,
1074 1265 1077 1269 -

136 1338 217 1406 Non
234 1340 320 1406 soret
337 1350 504 1427 angustae
520 1359 612 1404 mors
628 1347 686 1401 tua
703 1336 833 1402 crimen
851 1357 976 1422 aquae.

91 1444 184 1510 Turn
201 1467 313 1533 neque
329 1467 366 1512 se
383 1445 488 1531 pandi
505 1454 647 1530 possunt
664 1442 845 1528 delphines
862 1442 897 1507 in
915 1461 1021 1508 auras
1137 1472 1140 1476 ·

134 1551 295 1618 Tollere:
319 1563 482 1618 conantes
500 1552 583 1616 dura
602 1555 738 1616 coercet
755 1549 878 1615 hiems.

91 1655 135 1723 Et
151 1657 307 1744 quamvis
324 1657 453 1723 Boreas
466 1657 601 1745 jactatis
618 1656 752 1722 insonet
769 1655 845 1731 alis,

136 1762 277 1828 Fluctus
306 1761 342 1827 in
368 1763 508 1829 obsesso
524 1762 661 1851 gurgite
678 1763 794 1828 nullus
811 1761 894 1837 erit3

90 1869 316 1956 Inclusaeque
332 1871 414 1958 gelu
431 1870 579 1946 stabunt,
598 1880 634 1934 ut
651 1890 833 1945 marmore,
853 1889 1005 1956 puppes,

136 1974 214 2040 Nec
230 1976 351 2068 poterit
367 1976 497 2063 rigidas
514 1976 645 2041 findere
662 1970 777 2041 remus
795 1996 916 2062 aquas·

91 2080 251 2147 Vidimus
268 2081 302 2149 in
319 2082 429 2169 glacis
446 2081 558 2166 pisces
576 2082 718 2147 haerere
734 2082 873 2169 ligatos,

137 2187 208 2253 Sed
226 2209 305 2273 pars
321 2209 366 2252 ex
382 2188 448 2252 illis
464 2198 545 2252 tunc
561 2208 697 2274 quoque
713 2188 792 2253 viva
808 2188 880 2254 suit.
1111 2219 1139 2276 5⁰

19 2332 27 2344 ·
91 2293 174 2359 Sive
190 2293 293 2382 igitur
309 2293 404 2358 nimii
421 2293 554 2359 Boreae
570 2293 622 2359 vis
638 2315 743 2359 saeva
761 2296 924 2373 marinas,

138 2400 220 2466 Sive
237 2400 444 2464 redundatas
460 2399 601 2465 flumine
618 2401 711 2488 cogit
728 2422 848 2488 aquas,

90 2506 262 2583 Protinus,
281 2517 426 2594 aequato
443 2506 542 2571 siccis
560 2507 777 2593 aquilonibus
794 2508 925 2585 Histro,

136 2612 313 2678 Invehitur
329 2611 432 2677 celeri
447 2613 616 2678 barbarus
634 2613 739 2678 hostis
756 2635 866 2700 equo:

91 2719 210 2785 Hostis
226 2741 313 2805 equo
330 2719 464 2804 pollens
481 2719 653 2806 longeque
669 2720 806 2785 volante
821 2720 947 2809 sagitta
1105 2749 1129 2807 55

134 2824 296 2891 Vicinam
313 2825 380 2889 late
397 2825 626 2910 depopulatur
643 2826 797 2891 humum.
917 2810 919 2813 ’

91 2931 288 3019 Diffugiunt
303 2930 374 3006 alii,
393 2931 563 3017 nullis'que
579 2932 751 2997 tuentibus
768 2953 872 3020 agros

135 3037 367 3103 Incustoditae
383 3037 588 3123 diripiuntur
603 3060 708 3123 opes3
778 3096 784 3107 .

90 3144 196 3209 Ruris
212 3166 297 3231 opes
313 3165 453 3230 parvae,
472 3165 578 3229 pecus
595 3156 627 3210 et
643 3145 819 3211 stridentia
834 3146 1003 3233 plaustra,

136 3250 180 3316 Et
196 3273 282 3338 quas
299 3250 435 3317 divitias
451 3249 564 3315 incola
581 3272 712 3336 pauper
728 3252 842 3318 habet.
1101 3266 1128 3321 60

90 3356 177 3422 Pars
195 3358 308 3444 agitur
323 3356 445 3421 vinctis
462 3367 539 3441 post
554 3367 689 3443 tergum
705 3369 806 3443 capta
822 3358 974 3437 lacertis,

136 3462 342 3548 Respiciens
358 3463 482 3527 srustra
499 3483 577 3526 rura
595 3463 769 3549 laremque
786 3486 907 3539 suum3

91 3568 178 3633 Pars
194 3569 286 3633 cadit
301 3567 448 3632 hamatis
465 3567 589 3633 misere
606 3570 742 3634 confixa
758 3570 911 3657 sagittis3

137 3675 230 3740 Nam
247 3674 378 3741 volucri
396 3675 485 3739 ferro
501 3674 631 3740 tinctile
646 3675 740 3740 virus
757 3676 855 3741 inest.

94 3781 196 3866 Qrae
212 3792 386 3868 nequeunt
402 3802 519 3846 secum
536 3782 624 3845 serre
642 3793 700 3845 aut
716 3783 900 3860 abducere,
919 3788 1077 3872 perdunt,
1102 3802 1128 3868 63

123 3887 174 3957 Et
188 3899 326 3957 cremat
342 3887 498 3958 insontes
511 3885 650 3955 hostica
659 3886 804 3953 hamma
816 3910 928 3955 casas.
