2490 4208
83 170 119 225 V.
132 169 209 242 464]
263 139 267 147 “
371 140 374 145 ⁴
412 152 495 220 Her
528 155 651 241 Wcary
675 151 821 219 Searcle.

83 348 264 435 primaque
281 349 323 414 de
340 360 408 415 tota
425 351 625 415 tenuissima
642 371 799 436 quaeque
816 348 1020 433 liquescunt,

83 456 234 520 caerulei
251 455 375 532 crines,
394 457 561 543 digitique
579 467 611 520 et
627 476 727 522 crura
744 454 939 539 pedesque:

83 583 164 626 nam
181 561 294 626 brevis
310 561 345 625 in
362 548 496 648 gelidas
515 563 676 626 membris
694 561 840 625 exilibus
858 559 969 623 undas

83 668 330 742 transitus-esu
356 679 432 752 post
449 670 536 732 haec
553 666 685 732 humeri
701 679 887 753 tergusque
902 666 1059 752 latusque

84 785 290 861 pectoraque
306 773 341 839 in
358 788 477 839 tenues
495 775 622 861 abeunt
638 772 826 838 evanida
800 794 904 837 rivos.
1081 802 1135 857 435

85 880 231 967 denique
248 892 309 966 p'ro
324 881 404 946 vivo
420 880 555 945 vitiatas
571 879 741 966 sanguine
758 899 865 944 venas

84 988 229 1074 lympha
244 988 352 1062 subit3
378 998 550 1073 restatque
567 987 666 1061 nihil,
685 986 777 1072 quod
793 986 961 1071 prendere
977 962 1101 1103 possis

128 1093 184 1158 Int
171 1105 264 1158 terea
281 1094 427 1191 pavidae
444 1094 651 1181 nequiquam
670 1092 740 1156 filia
757 1092 855 1156 matri

84 1201 241 1266 omnibus
258 1212 308 1265 est
323 1201 433 1276 terris,
452 1201 544 1265 omni
561 1200 715 1287 quaesita
731 1200 914 1285 pro'fundo

84 1307 177 1372 illam
196 1307 357 1372 non-udis
374 1307 515 1372 veniens
532 1304 668 1372 Aurora
685 1307 819 1391 capillis
1082 1336 1135 1389 440

84 1424 274 1479 cessantem
291 1414 386 1490 vidit,
405 1435 474 1478 non
493 1413 692 1499 Hesperus:
716 1413 776 1478 illa
793 1414 927 1478 duabus

82 1512 304 1585 flammiferas
320 1520 421 1605 pinus
439 1520 598 1584 manibus
615 1519 792 1584 succendit
809 1521 852 1583 ab
868 1517 996 1596 Aetna,

83 1648 211 1713 perque
228 1627 406 1711 pruinosas
422 1627 497 1690 tulit
511 1626 701 1713 inrequieta
718 1626 888 1690 tenebras.

82 1755 199 1798 rursus
215 1732 383 1797 ubi-alma
399 1732 473 1797 dies
490 1733 668 1797 hebetarat
683 1733 810 1808 sidera,
829 1744 946 1797 natam

83 1839 163 1904 solis
180 1840 224 1903 ab
240 1838 365 1904 occasu
382 1839 463 1904 solis
481 1841 668 1924 quaerebat
684 1840 727 1903 ad
744 1850 849 1904 ortus.

83 1946 171 2011 sessa
190 1946 306 2010 labore
323 1945 412 2011 sitim
430 1947 629 2037 collegerat,
649 1967 776 2031 oraque
793 1944 878 2009 nulli

83 2054 270 2117 colluerant
285 2052 415 2128 fontes3
440 2073 519 2117 cum
535 2050 659 2118 tectam
677 2052 839 2117 stramine
856 2050 939 2116 vidit

82 2159 166 2224 sorte
183 2179 312 2234 casam,
331 2179 525 2245 parvasque
541 2159 631 2224 fores
649 2159 815 2244 pulsavit:
841 2169 875 2222 at
891 2157 970 2222 inde

82 2265 192 2350 prodit
209 2285 308 2340 anus
326 2265 509 2352 divamque
525 2266 630 2340 videt,
649 2266 897 2351 lymphamque
913 2262 1049 2350 roganti

82 2370 182 2435 dulce
199 2371 303 2446 dedit,
321 2381 408 2436 tosta
426 2372 517 2457 quod
534 2383 667 2436 texerat
683 2382 761 2435 ante
778 2371 928 2456 polenta.
1079 2399 1132 2456 450

82 2478 162 2542 dum
178 2476 263 2541 bibit
277 2477 336 2542 illa
353 2478 484 2551 datum,
503 2478 579 2542 duri
596 2499 682 2563 puer
696 2478 765 2543 oris
780 2489 814 2542 et
830 2478 946 2541 audax

82 2583 230 2648 constitit
246 2595 323 2649 ante
341 2584 457 2660 deam,
474 2584 628 2670 risitque,
647 2584 853 2670 avidamque
868 2583 1015 2648 vocavit.

81 2690 213 2754 offensa
230 2700 299 2763 est3
325 2711 437 2776 neque
454 2691 569 2756 adhuc
585 2690 687 2776 epota
703 2702 799 2776 parte
816 2691 1011 2776 loquentem

81 2816 158 2860 cum
177 2794 306 2882 liquido
323 2797 428 2860 mixta
447 2796 596 2882 perfudit
613 2798 692 2862 diva
710 2798 904 2882 polenta.

81 2901 243 2967 combibit
258 2924 296 2967 os
310 2903 474 2979 maculas,
484 2915 523 2969 et
539 2924 628 2990 quae
642 2898 744 2968 inodo
760 2878 922 2968 bracchia
940 2901 1058 2988 gessit,
1078 2930 1129 2987 45

81 3026 179 3073 crura
197 3009 305 3095 gerit3
330 3009 441 3074 cauda
458 3021 509 3075 est
526 3010 661 3074 mutatis
679 3010 794 3074 addita
812 3010 994 3074 membris.

80 3114 182 3202 inque
199 3117 337 3180 brevem
353 3115 512 3194 formam,
531 3139 575 3181 ne
592 3115 634 3182 sit
648 3116 701 3181 vis
718 3137 846 3204 magna
861 3115 1023 3191 nocendi,

80 3222 303 3297 contrahitur,
320 3242 492 3309 parvaque
511 3224 622 3288 minor
639 3245 799 3289 mensura
816 3223 944 3287 lacerta
961 3233 1020 3286 est.
1044 3273 1048 3281 .

80 3326 481 3415 mirantem'flentemque
499 3341 532 3395 et
548 3341 691 3418 tangere
708 3341 858 3395 monstra
875 3341 1054 3414 parantem

81 3432 166 3519 fugit
182 3454 301 3509 anum,
318 3435 553 3522 latebramque
570 3437 672 3521 petit3
691 3448 882 3523 aptumque
900 3436 1005 3503 colori
1074 3423 1129 3517 46o

79 3556 204 3603 nomen
221 3530 337 3616 habet,
354 3541 458 3606 variis
475 3542 628 3606 stellatus
644 3562 787 3628 corpora
803 3544 921 3628 guttis.
1002 3596 1005 3601 .

124 3642 223 3730 Qas
241 3647 306 3710 dea
323 3668 385 3731 per
400 3657 507 3710 terras
523 3658 556 3711 et
572 3669 657 3732 quas
674 3650 837 3712 erraverit
852 3649 976 3723 undas,

79 3749 191 3816 dicere
208 3753 313 3839 lo'nga
331 3772 425 3816 mora
443 3763 504 3816 est.
556 3751 746 3837 Qaerenti
763 3750 869 3818 deluit
884 3755 997 3818 orbis:

79 3855 255 3924 Sicaniam
271 3857 392 3951 repetit
400 3879 411 3932 ,·
436 3858 587 3949 dumque
603 3859 724 3930 omnia
737 3861 867 3930 lustrat
880 3862 1018 3938 eundo,
