2490 4208
98 190 142 245 11.
160 188 258 264 6,12.]
431 172 547 262 Elegy
568 194 614 239 on
630 126 660 239 “a
678 170 828 240 Parrot.
1083 165 1146 253 167

96 368 240 456 Tityrus
256 380 290 435 et
304 369 423 458 fruges
438 368 641 457 Aeneiaque
658 391 754 435 arma
769 369 941 456 legentur,
1113 396 1147 452 25

143 473 258 539 Roma
273 476 471 561 triumphati
488 477 569 541 dum
585 487 689 561 caput
703 476 795 541 orbis
812 475 885 540 erit.

98 579 220 647 Donec
237 593 335 648 erunt
349 581 449 669 ignes
464 581 830 669 arcusquerCupidinis
845 600 956 658 arma,

143 685 328 752 Discentur
343 689 490 765 numeri,
509 689 596 753 culte
613 688 765 764 Tibulle,
783 688 841 752 tui.

98 791 221 858 Gallus
239 804 272 859 et
288 792 466 880 Hesperiis
482 806 516 860 et
532 794 655 860 Gallus
670 805 770 859 notus
787 793 882 871 Eois,

143 897 188 963 Et
204 919 265 963 sua
282 920 360 963 curn
377 899 480 967 Gallo
496 911 577 966 nota
592 899 739 986 Lycoris
756 900 829 965 erit.
1114 932 1149 988 30

97 1003 195 1091 Ergo
209 1024 290 1072 cum
304 1005 433 1082 silices,
452 1027 530 1073 cum
547 1007 632 1071 dens
649 1005 807 1091 patientis
823 1006 928 1072 aratri

143 1110 343 1196 Depereant
358 1133 456 1188 aevo,
475 1113 628 1178 carmina
645 1125 751 1178 morte
767 1124 897 1179 carent.

98 1213 236 1283 Cedant
251 1217 459 1284 carminibus
474 1239 577 1306 reges
593 1240 783 1306 regumque
799 1219 977 1306 triumphi,

143 1322 255 1390 Cedat
271 1334 304 1390 et
319 1323 457 1389 auriferi
473 1325 548 1410 ripa
563 1325 715 1413 benigna
731 1325 837 1414 Tagi.

96 1428 193 1497 Vilia
208 1430 349 1496 miretur
363 1432 511 1520 vulgus:
536 1431 620 1496 mihi
635 1431 745 1497 flavus
760 1431 888 1518 Apollo
1114 1464 1147 1521 35

143 1534 274 1603 Pocula
290 1535 443 1604 Castalia
459 1538 563 1623 plena
580 1537 744 1603 ministret
760 1559 863 1624 aqua,

99 1641 364 1732 Sustineamque
380 1664 480 1710 coma
496 1654 703 1709 metuentem
719 1643 848 1730 frigora
864 1655 1035 1733 myrtumz

143 1749 258 1838 Atque
274 1750 320 1815 ita
337 1751 481 1816 sollicito
497 1751 623 1815 multus
640 1762 775 1814 amante
792 1751 902 1839 legar.

100 1855 256 1923 Pascitur
271 1856 306 1922 in
322 1857 409 1924 vivis
425 1856 552 1932 Livor3
576 1857 736 1944 postlata
752 1858 908 1944 quiescit,
982 1884 984 1889 ·

144 1963 234 2031 Cum
251 1986 332 2030 suus
349 1986 393 2030 ex
408 1964 529 2030 merito
545 1985 716 2051 quemque
732 1975 843 2028 tuetur
860 1966 981 2030 honos.

102 2068 194 2159 Ergo
211 2071 408 2137 etiamtum
424 2093 479 2137 me
497 2093 677 2157 supremus
694 2070 846 2135 adederit
861 2071 965 2158 ignis,

143 2176 284 2253 Vivam,
301 2199 450 2265 parsque
466 2178 534 2244 mei
550 2180 657 2243 multa
670 2188 844 2264 superstes
859 2179 935 2243 erit.

324 2517 357 2565 2.
382 2499 498 2590 Elegy
521 2523 564 2568 on
587 2525 610 2568 a
632 2502 768 2571 Parrot
793 2498 846 2592 (ii.
864 2499 921 2590 6).

198 2711 426 2791 ITTACUS,
442 2715 516 2781 eois
532 2716 693 2783 imitatrix
710 2719 782 2783 ales
800 2717 842 2782 ab
858 2717 967 2794 indie,

216 2819 371 2886 Occidit!
397 2823 579 2908 exsequias
595 2824 641 2889 ite
657 2825 864 2911 frequenter,
884 2844 977 2888 aves.

91 2918 164 3002 Ite,
183 2925 261 3011 piae
276 2927 445 3002 volucres,
462 2940 498 2993 et
513 2929 666 3017 plangite
683 2941 821 3016 pectora
839 2930 966 3016 pinnis,

142 3031 190 3098 Et
206 3032 318 3120 rigido
332 3045 468 3099 teneras
483 3054 600 3122 ungue
617 3048 729 3102 notate
746 3057 867 3124 genas.

90 3133 253 3205 Horrida
269 3161 331 3224 pro
346 3139 486 3205 maestis
501 3139 648 3205 lanietur
663 3143 780 3227 pluma
797 3142 944 3228 capillis,
1136 3171 1151 3229 ς

143 3243 215 3310 Pro
230 3245 335 3331 longa
352 3259 511 3311 resonent
526 3247 680 3313 carmina
694 3259 808 3314 vestra
823 3250 919 3313 tuba.

91 3350 208 3439 Quod
225 3351 336 3415 scelus
348 3350 487 3416 ismarii
503 3353 667 3437 quereris,
685 3353 890 3431 Philomela,
908 3354 1059 3442 tyranni,

144 3454 294 3540 Expleta
310 3468 361 3521 est
376 3456 475 3522 annis
491 3458 556 3523 ista
571 3460 723 3545 querella
740 3461 821 3526 suis.

92 3560 204 3627 Alitis
220 3560 255 3624 in
271 3582 369 3627 rarae
385 3562 549 3628 miserum
566 3565 740 3631 devertere
757 3567 881 3632 sunus:

145 3665 283 3754 Magna
299 3668 361 3733 sed
378 3668 507 3755 antiqui
525 3690 630 3736 causa
646 3671 771 3737 doloris
788 3671 874 3760 Itys.
1121 3703 1153 3742 10

97 3773 249 3848 Omnes,
265 3788 356 3859 quae
372 3773 501 3861 liquido
517 3776 647 3842 libratis
662 3776 698 3840 in
714 3781 795 3841 aere
811 3798 945 3853 cursus,

146 3877 206 3942 Tu
220 3888 334 3943 tamen
350 3891 429 3945 ante
444 3881 542 3959 alios,
562 3892 669 3948 turtur
684 3882 813 3963 amice,
831 3884 929 3952 dole.
