2490 4208
105 187 168 275 148
274 218 278 233 ·
333 188 369 256 T
363 190 405 256 Ire
439 189 597 281 Worship
620 194 669 278 os
680 191 924 281 AEsculapius.
1006 205 1147 274 [Maru.

101 383 356 472 Parthenopen,
375 399 408 453 et
423 390 467 454 ab
484 389 550 454 hac
566 388 744 456 Cumaeae
760 387 888 474 templa
904 384 1077 472 Sibyllae.

101 492 182 558 hinc
199 494 301 559 calidi
317 495 427 560 fontes
443 494 756 582 lentisciferumque
772 504 905 560 tenetur
1017 533 1021 541 ·

101 595 318 676 Linternum,
337 599 547 686 multamque
563 600 703 664 trahens
720 599 784 664 sub
800 595 939 686 gurgite
955 617 1098 663 arenam

100 702 302 780 Volturnus,
322 704 499 791 niveisque
516 705 676 792 frequens
693 704 860 769 Sinuessa
879 704 1062 780 columbis,
1098 731 1140 789 71⁵

101 808 367 897 Minturnaeque
383 831 522 899 graves,
540 822 573 876 et
588 832 690 897 quam
707 810 888 875 tumulavit
905 814 1077 886 alumnus,

99 915 379 1003 Antiphataeque
395 918 531 992 domus,
549 915 775 1002 Trachasque
792 917 933 984 obsessa
949 919 1087 1004 palude,

100 1034 135 1090 et
149 1024 250 1088 tellus
265 1022 425 1098 Circaea,
444 1032 477 1087 et
492 1021 592 1108 spissi
609 1021 716 1087 litoris
732 1021 891 1089 Antium.

148 1129 228 1196 Huc
243 1129 301 1194 ubi
318 1129 495 1195 veliferam
512 1139 638 1194 nautae
656 1129 834 1198 advertere
851 1132 1007 1198 carinam
1018 1169 1063 1183 -

101 1258 203 1324 asper
218 1238 310 1302 enim
321 1238 395 1327 jam
411 1248 535 1322 pontus
552 1248 680 1303 erat-
691 1236 777 1303 deus
793 1238 946 1325 explicat
959 1240 1072 1314 orbeS,
1096 1266 1135 1322 720

56 1339 60 1346 ’
101 1365 230 1431 perque
247 1344 341 1410 sinus
358 1345 496 1409 crebros
513 1353 546 1408 et
563 1364 691 1431 magna
707 1345 883 1411 volumina
899 1345 1033 1422 labens,
1118 1350 1120 1355 '

100 1453 228 1536 templa
244 1451 394 1537 parentis
410 1450 472 1515 init
486 1449 613 1514 flavum
630 1452 807 1537 tangentia
824 1451 915 1518 litus.

102 1572 251 1644 aequore
266 1569 388 1643 pacato
406 1557 533 1642 patrias
550 1555 760 1641 Epidaurius
778 1578 856 1624 aras

101 1663 234 1751 linquit,
253 1676 286 1730 et
301 1663 448 1748 hospitio
459 1662 569 1752 juncti
585 1661 649 1728 sibi
666 1663 816 1729 numinis
831 1686 916 1732 usus

101 1770 256 1835 litoream
273 1781 382 1837 tractu
399 1789 564 1856 squamae
580 1768 778 1854 crepitantis
796 1791 937 1836 arenam
1100 1786 1155 1854 725
1222 1814 1226 1821 -

102 1878 224 1951 sulcat,
243 1889 275 1942 et
291 1877 429 1942 innixus
446 1874 680 1965 moderamine
697 1872 795 1942 navis
811 1876 847 1951 in
865 1879 934 1944 alta
953 1920 956 1925 -

102 2005 217 2071 puppe
234 1994 336 2068 caput
352 1974 477 2067 posuit,
495 1983 606 2048 donec
621 1980 851 2070 Castrumque
868 1977 1055 2072 sacrasque

102 2086 227 2154 Lavini
244 2091 344 2155 sedes
360 2088 594 2174 Tiberinaque
610 2088 655 2153 ad
671 2089 758 2154 ostia
774 2089 880 2155 venit.
935 2130 938 2135 -

149 2195 229 2260 Huc
244 2217 364 2261 omnes
380 2195 497 2280 populi
514 2193 656 2280 passim,
676 2206 892 2282 matrumque
910 2207 1120 2284 patrumque

101 2302 203 2368 obvia
218 2303 317 2367 turba
333 2301 411 2377 ruit,
430 2321 587 2387 quaeque
602 2299 716 2388 ignes,
735 2300 876 2377 Troica,
896 2310 1051 2380 servant,-
1104 2310 1200 2386 73⁰

101 2407 222 2484 Vesta,
239 2418 328 2483 tuos,
346 2407 503 2493 laetoque
519 2407 623 2472 deum
633 2407 790 2472 clamore
809 2409 959 2472 salutant
969 2429 979 2482 ;

102 2534 238 2602 quaque
254 2535 316 2598 per
332 2513 495 2578 adversas
511 2510 608 2577 navis
625 2511 692 2577 cita
709 2512 844 2578 ducitur
859 2514 985 2590 undas,

101 2631 177 2686 tura
194 2640 296 2704 super
311 2618 403 2704 ripas
419 2618 488 2683 aris
504 2639 549 2684 ex
564 2617 684 2684 ordine
702 2619 799 2684 factis
891 2680 894 2687 .

101 2737 198 2812 parte
214 2726 258 2790 ab
274 2735 417 2811 utraque
433 2735 568 2800 sonant,
586 2735 620 2790 et
635 2719 780 2792 odorant
796 2731 878 2791 aera
893 2723 1019 2792 fumis:

101 2833 236 2920 ictaque
253 2835 424 2922 conjectos
439 2826 613 2899 incalfacit
629 2833 739 2898 hostia
757 2834 896 2897 cultros.
1104 2828 1216 2916 735

142 2941 289 3028 Jamque
306 2952 409 3027 caput
424 2962 552 3017 rerum,
570 2940 765 3007 Romanam
784 2938 969 3004 intraverat
982 2939 1137 3006 urbem·

102 3048 243 3134 erigitur
258 3022 411 3133 serpens:
431 3069 633 3134 summoque
649 3042 795 3113 acclinia
813 3041 907 3111 malo
955 3076 960 3083 ·

103 3155 191 3220 colla
208 3166 332 3230 movet,
351 3156 518 3241 sedesque
534 3155 598 3220 sibi
615 3153 845 3242 circumspicit
860 3164 971 3240 aptas.

103 3261 266 3327 scinditur
281 3261 316 3325 in
333 3261 490 3349 geminas
507 3271 620 3346 partes
637 3260 856 3327 circumfluus
873 3259 1005 3325 amnis:

101 3363 216 3427 ritsula
232 3384 357 3427 nomen
375 3363 497 3436 habet3
523 3363 736 3449 laterumque
753 3384 773 3428 e
788 3373 885 3449 parte
901 3363 1049 3428 duorum
1104 3368 1203 3441 74⁰

101 3468 245 3555 porrigit
261 3468 423 3553 aequales
439 3468 551 3533 media
567 3469 688 3533 tellure
704 3471 862 3533 lacertos.

102 3576 170 3639 huc
186 3596 222 3639 se
239 3575 282 3639 de
298 3572 400 3638 Latia
416 3573 499 3659 pinu
515 3573 710 3640 Phoebeius
727 3575 852 3662 anguis

102 3681 255 3756 contulit,
273 3692 307 3744 et
321 3681 425 3745 finem
442 3681 557 3765 specie
574 3681 720 3746 caeleste
736 3692 918 3765 resumpta·
982 3730 986 3737 .

102 3788 248 3853 luctibus
264 3786 438 3875 imposuit,
455 3787 616 3875 venitque
632 3787 785 3853 salutifer
800 3786 902 3853 Urbi.
