2490 4208
117 169 182 243 172
398 126 401 131 Ι
492 154 641 223 Skorter
663 156 798 224 Poems.
903 205 909 213 -
1018 171 1168 244 [Tamna

117 352 156 420 si
172 352 253 418 licet
269 352 437 437 exemplis
453 352 489 415 in
506 374 611 437 parvo
628 353 818 440 grandibus
835 351 896 427 uti,
1140 381 1169 438 25

163 459 263 524 Haec
280 458 386 521 facies
403 458 543 545 Trojae‚
562 479 641 522 curn
659 470 850 544 caperetur,
870 469 954 522 erat.

111 566 260 654 Jamque
276 564 498 652 quiescebant
514 585 617 629 voces
634 565 880 650 hominumque
897 585 1109 650 canumque,

162 672 331 758 Lunaque
350 682 533 734 nocturnos
552 671 620 734 alta
637 671 780 757 regebat
796 692 915 757 equos.

117 779 221 844 Hanc
237 801 304 866 ego
321 776 511 861 suspiciens
527 786 560 840 et
577 777 620 840 ab
637 776 704 841 hac
720 775 892 861 Capitolia
909 797 1072 853 cernenS,

162 883 264 968 Quae
281 895 394 949 nostro
411 882 535 947 frustra
548 880 667 969 juncta
683 882 778 946 fuere
795 882 871 957 lari,
1141 914 1175 969 30

118 991 296 1057 ‘Numina
312 990 434 1056 vicinis
452 989 640 1054 habitantia
657 989 820 1064 sedibus,'
839 976 995 1076 inquam,

163 1097 331 1185 ‘Jamque
347 1097 456 1164 oculis
472 1116 662 1183 numquam
678 1097 807 1180 templa
824 1096 972 1184 videnda
990 1095 1094 1173 meis,

116 1204 229 1292 Dique
246 1204 474 1292 relinquendi,
492 1225 577 1290 quos
593 1203 676 1268 urbs
691 1212 783 1266 tenet
799 1202 867 1266 alta
885 1200 1039 1286 Quini,

161 1311 243 1376 Este
258 1312 393 1377 salutati
409 1324 544 1397 tempus
561 1311 596 1375 in
612 1331 715 1376 omne
732 1307 837 1373 mihil

116 1414 160 1482 Et
175 1420 384 1504 quamquam
401 1439 477 1484 sero
494 1417 643 1502 clipeum
660 1428 738 1503 post
753 1416 897 1481 vulnera
914 1438 1027 1494 sum0,
1141 1448 1175 1506 35

159 1522 322 1589 Attamen
339 1525 430 1589 hanc
445 1524 533 1590 odiis
550 1535 735 1589 exonerate
752 1524 887 1612 fugam,

114 1628 332 1718 Caelestique
348 1629 434 1705 viro,
451 1630 528 1717 quis
546 1651 601 1695 ine
617 1630 792 1715 deceperit
809 1651 917 1707 error,

160 1736 293 1802 Dicite:
318 1758 380 1821 pro
397 1737 499 1822 culpa
516 1758 559 1802 ne
576 1737 690 1802 scelus
707 1758 783 1802 esse
801 1748 906 1823 putet.

113 1841 162 1910 Ut
176 1843 268 1930 quod
284 1865 345 1909 vos
361 1843 467 1920 scitis,
485 1864 618 1929 poenae
634 1865 771 1931 quoque
789 1845 912 1909 sentiat
927 1857 1065 1923 auctor,

158 1948 299 2016 Placato
314 1971 454 2035 possum
472 1971 540 2014 non
558 1951 662 2014 miser
678 1971 753 2016 esse
771 1951 861 2016 deo!
1138 1986 1174 2040 40

114 2054 194 2121 Hac
209 2077 310 2140 prece
327 2056 466 2121 adoravi
484 2078 626 2141 superos
643 2078 730 2144 eg03
757 2056 912 2142 pluribus
928 2080 1032 2136 uxor,

89 2236 98 2253 .
158 2160 320 2248 Singultu
338 2162 469 2228 medios
485 2162 692 2248 impediente
710 2184 825 2228 sonos.

112 2265 177 2332 Illa
194 2268 309 2342 etiam,
327 2279 405 2333 ante
422 2268 532 2334 Lares
548 2270 659 2354 passis
675 2280 844 2354 prostrata
862 2269 1011 2356 capillis,

159 2372 312 2461 Contigit
328 2374 512 2440 exstinctos
528 2395 587 2440 ore
603 2386 769 2440 tremente
785 2364 893 2452 socoS,

111 2478 291 2566 Multaque
308 2480 343 2544 in
360 2481 521 2546 adversos
537 2480 657 2546 effudit
673 2483 779 2549 verba
794 2480 944 2548 Penates
1135 2515 1172 2572 45

63 2606 67 2613 ·
156 2585 224 2653 Pro
241 2587 417 2672 deplorato
434 2609 502 2652 non
518 2588 664 2653 valitura
680 2589 765 2655 viro.
869 2576 871 2579 ⁵
936 2672 939 2676 Δ

105 2692 253 2780 Jamque
270 2714 385 2758 morae
402 2694 547 2779 spatium
567 2716 636 2760 nox
652 2697 876 2782 praecipitata
892 2697 1062 2785 negabat,

154 2797 334 2886 Versaque
351 2801 394 2865 ab
412 2821 476 2865 axe
494 2823 555 2866 suo
573 2800 753 2868 Parrhasis
771 2815 882 2868 arctos
900 2814 985 2868 erat.

111 2903 206 2978 Quid
222 2905 394 2972 lacerem?
417 2908 544 2975 blando
561 2909 691 2994 patriae
708 2911 879 2994 retinebar
895 2931 1037 2986 amore3

154 3013 285 3078 Ultima
301 3013 362 3078 sed
374 3012 491 3101 jussae
508 3038 577 3081 nox
594 3029 667 3082 erat
683 3017 742 3081 illa
759 3017 876 3104 fugae.
1136 3050 1171 3108 50

109 3117 189 3183 Ahl
214 3120 369 3206 quotiens
386 3121 500 3208 aliquo
517 3124 588 3188 dixi
606 3136 812 3210 properante
830 3137 838 3164 ‘
856 3121 952 3207 (Quid
968 3124 1127 3213 urgues?

153 3225 220 3290 Vel
236 3248 304 3312 quo
320 3227 458 3294 festines
476 3229 538 3305 ire,
558 3233 612 3296 vel
630 3233 736 3306 unde,
754 3230 852 3296 videl
867 3230 876 3257 '

107 3330 188 3396 Ahl
213 3333 368 3418 quotiens
386 3348 515 3401 certam
534 3359 588 3402 me
606 3360 682 3402 sum
699 3338 858 3403 mentitus
874 3336 1005 3402 habere

154 3438 300 3515 Horam,
319 3444 513 3527 propositae
530 3464 619 3529 quae
636 3442 722 3508 soret
738 3455 818 3528 apta
834 3443 923 3509 viae.

107 3543 179 3610 Ter
195 3545 299 3612 limen
316 3548 425 3636 tetigi,
444 3560 494 3614 ter
510 3571 587 3614 sum
603 3561 794 3625 revocatus,
813 3550 935 3636 etipse
1135 3585 1169 3644 55

153 3651 345 3743 Indulgens
362 3656 477 3720 animo
495 3677 556 3740 pes
573 3653 656 3718 mihi
673 3655 789 3720 tardus
806 3668 898 3735 erat;

108 3759 223 3847 Saepe
252 3761 335 3840 Vale
351 3761 442 3828 dicto
457 3783 574 3826 rursus
591 3783 666 3826 sum
684 3762 790 3826 multa
808 3763 955 3842 locutus,

138 3867 189 3934 Et
204 3869 306 3957 quasi
323 3869 513 3939 discedens
528 3868 650 3937 oscula
663 3889 800 3934 summa
812 3869 915 3946 dedit
