2490 4208
84 152 105 216 8
258 169 282 214 1.
320 149 356 217 T
349 150 392 215 lie
420 150 584 217 Creatlon
608 150 682 216 and
702 150 759 216 the
780 149 907 217 Flood.
996 170 1139 242 [Mersa.

85 348 157 415 sive
175 367 295 412 recens
310 347 420 426 tellus,
428 348 637 434 seductaque
653 369 763 433 nuper
780 348 823 413 ab
840 350 908 415 alto
1104 368 1140 422 80

85 454 380 542 aethere,cognati
398 455 563 519 retinebat
580 456 711 519 semina
729 455 829 519 caeli.

84 584 189 649 quam
207 574 300 627 satus
319 560 450 645 Iapeto,
470 560 612 625 mixtam
629 559 825 627 fluvialibus
842 562 957 640 undis,

84 671 183 734 finxit
199 670 234 733 in
252 668 403 755 effigiem
421 667 658 732 moderantum
676 679 799 732 cuncta
816 668 971 734 deorum.

85 798 262 863 pronaque
280 796 358 841 cum
375 784 529 859 spectent
545 774 708 838 animalia
725 786 838 839 cetera
853 787 992 853 terram,

86 906 124 949 os
141 882 269 948 homini
287 882 433 947 sublime
451 881 557 956 dedit,
577 881 778 967 caelumque
795 882 882 946 tueri
1106 901 1140 969 85

82 990 194 1080 jussit,
214 1002 246 1055 et
262 1001 392 1054 erectos
410 989 454 1054 ad
472 988 585 1053 sidera
602 987 720 1052 tollere
736 988 863 1053 vultus.

86 1097 148 1172 sic,
168 1098 269 1161 modo
286 1117 374 1184 quae
390 1095 501 1161 suerat
518 1095 613 1160 rudis
629 1107 663 1159 et
678 1093 752 1159 sine
770 1094 936 1182 imagine,
955 1097 1056 1163 tellus

86 1204 197 1268 induit
212 1203 349 1291 ignotas
366 1203 544 1268 hominum
563 1223 729 1267 conversa
747 1202 890 1287 figuras.

131 1309 269 1374 Auuun
285 1311 395 1396 prima
411 1321 485 1375 sata
502 1321 553 1376 est
570 1321 676 1385 aetas,
696 1330 785 1395 quae
803 1309 937 1375 vindice
954 1312 1063 1387 nullo,

87 1428 207 1502 sponte
224 1438 299 1492 sua,
318 1416 392 1482 sine
409 1417 487 1504 lege
503 1417 607 1482 fidem
624 1427 822 1503 rectumque
840 1417 985 1481 colebat.
1105 1449 1141 1504 90

87 1545 199 1608 poena
217 1535 393 1611 metusque
409 1524 563 1598 aberant,
582 1544 647 1588 nec
663 1523 768 1587 verba
784 1522 931 1587 minacia
948 1523 1019 1587 fixo

89 1651 167 1695 aere
184 1631 401 1718 legebantur,
420 1650 485 1695 nec
501 1631 647 1715 supplex
664 1630 762 1694 turba
779 1629 919 1694 timebat

83 1737 209 1826 judicis
225 1758 285 1801 ora
302 1736 368 1812 sui,
386 1736 447 1802 sed
464 1748 561 1801 erant
576 1736 648 1802 sine
660 1736 777 1826 judice
794 1737 867 1801 tuti.

88 1845 241 1909 nondum
259 1864 359 1908 caesa
376 1843 460 1918 suiS,
477 1843 698 1931 peregrinum
716 1856 751 1908 ut
767 1843 892 1908 viseret
906 1843 1039 1921 orbem,

89 1951 260 2015 montibus
276 1950 312 2014 in
328 1949 475 2037 liquidas
492 1949 592 2036 pinus
609 1951 833 2016 descenderat
850 1952 975 2028 undas,
1106 1981 1140 2039 95

89 2057 252 2143 nullaque
269 2056 428 2122 mortales
445 2068 579 2142 praeter
595 2078 658 2122 sua
674 2058 772 2122 litora
788 2069 923 2124 norant.

89 2163 241 2228 nondum
259 2162 469 2248 praecipites
480 2163 666 2250 cingebant
681 2164 808 2250 oppida
825 2165 960 2231 fossae:

88 2292 158 2335 non
175 2271 255 2335 tuba
272 2270 404 2345 directi,
423 2292 490 2335 non
509 2271 597 2335 aeris
614 2292 742 2336 cornua
758 2271 853 2349 flexi,

88 2399 158 2441 non
176 2377 312 2463 galeae,
331 2377 507 2442 nonensis
525 2390 641 2450 erant3
667 2378 740 2443 sine
759 2380 873 2446 militis
890 2403 955 2446 usu

89 2484 207 2548 mollia
223 2504 365 2548 securae
381 2484 593 2571 peragebant
608 2484 676 2550 otia
693 2497 826 2573 gentes.
1092 2521 1142 2561 100

89 2590 165 2675 ipsa
181 2610 316 2677 quoque
333 2590 493 2653 immunis
510 2601 684 2677 rastroque
700 2592 840 2670 intacta,
859 2615 924 2661 nec
939 2594 1019 2661 ullis

90 2696 207 2762 saucia
224 2695 431 2769 vomeribus,
449 2717 511 2781 per
527 2717 563 2761 se
580 2697 683 2762 dabat
698 2700 813 2765 omnia
830 2702 951 2767 tellus:

90 2802 307 2889 contentique
325 2802 409 2867 cibis
425 2803 519 2868 nullo
536 2816 682 2891 cogente
699 2809 834 2885 creatis,

17 2968 33 2983 .,
90 2910 248 2976 arbuteos
265 2910 351 2974 fetus
369 2920 596 2997 montanaque
614 2910 713 3000 fraga
730 2914 904 3002 legebant,

90 3036 262 3103 cornaque
280 3015 362 3080 etin
379 3015 473 3081 duris
489 3018 665 3083 haerentia
683 3042 779 3086 mora
795 3022 934 3099 rubetis,
1093 3053 1140 3109 105

89 3134 122 3187 et
137 3144 226 3210 quae
243 3122 440 3187 deciderant
456 3124 573 3208 patula
585 3124 681 3210 Jovis
698 3128 818 3193 arbore
835 3130 994 3217 glandes.

89 3252 149 3294 ver
165 3241 237 3294 erat
254 3241 444 3304 aeternum,
463 3232 658 3319 placidique
675 3235 864 3319 tepentibus
881 3235 974 3301 auris

90 3336 285 3400 mulcebant
301 3337 443 3423 zephyri
461 3350 559 3403 natos
576 3339 649 3403 sine
666 3339 796 3404 semine
813 3340 926 3407 flores.

89 3464 171 3506 mox
187 3442 288 3506 etiam
307 3443 424 3531 fruges
441 3445 541 3509 tellus
556 3444 689 3509 inarata
705 3445 848 3520 serebat,

89 3569 154 3613 nec
170 3560 351 3613 renovatus
370 3573 454 3638 ager
470 3551 623 3638 gravidis
640 3553 785 3617 canebat
801 3553 932 3619 aristis:
1093 3587 1143 3626 110

89 3656 230 3720 flumina
244 3657 316 3746 jam
334 3658 444 3732 lactis,
459 3658 531 3745 jam
548 3657 690 3723 flumina
708 3661 853 3726 nectaris
870 3661 977 3739 ibant,

88 3762 246 3849 flavaque
264 3765 307 3828 de
324 3763 421 3827 viridi
439 3764 611 3829 stillabant
629 3764 705 3829 ilice
722 3768 836 3832 mella.

128 3870 319 3955 Postquam
337 3869 486 3935 Saturno
503 3871 684 3937 tenebrosa
700 3872 735 3935 in
750 3872 897 3940 Tartara
914 3876 1019 3941 misso
