2490 4208
90 151 129 207 X.
144 150 218 223 219]
396 133 515 203 Death
540 134 588 222 of
599 133 833 222 Hyacinthus.
1078 152 1142 218 103

90 330 253 397 Phoebus
270 330 329 409 ait,
346 331 514 419 videoque
530 342 640 410 tuum,
657 353 736 397 mea
753 330 909 406 crimina,
927 330 1063 398 vulnus.

91 448 129 502 tu
145 437 309 515 dolores,
326 439 528 527 facinusque
546 461 681 504 meum:
707 460 785 503 mea
801 438 944 502 dextera
961 438 1028 504 leto

40 532 42 536 ¹
91 544 311 610 inscribenda
326 556 384 611 tuo
401 555 472 621 est;
496 567 563 633 ego
580 567 656 610 sum
672 545 731 610 tibi
749 544 879 609 funeris
896 554 1025 610 auctor.

90 671 182 738 quae
198 671 276 716 mea
293 651 396 737 culpa
411 651 549 717 tamen?
573 651 638 717 nisi
655 650 683 716 si
701 650 823 716 lusisse
840 650 955 716 vocari
1093 685 1145 723 200

91 757 196 844 culpa
212 767 334 843 potest,
353 757 417 822 nisi
434 758 536 843 culpa
553 768 662 845 potest
678 768 711 837 et
728 777 863 822 amasse
878 758 1007 823 vocari.

92 874 196 950 atque
212 862 342 928 utinam
358 886 421 950 pro
437 875 470 929 te
486 864 604 938 vitam,
623 876 781 929 tecumve
798 863 916 930 liceret

90 967 258 1036 redderel
306 968 412 1055 Quod
426 970 589 1057 quoniam
606 970 700 1035 fatali
718 973 797 1060 lege
813 981 981 1048 tenemur,

92 1097 230 1164 semper
245 1075 312 1143 eris
330 1098 478 1154 mecum,
497 1077 708 1165 memorique
726 1079 883 1143 haerebis
899 1078 934 1143 in
950 1099 1022 1144 ore.

91 1193 125 1248 te
142 1184 218 1271 lyra
235 1183 335 1271 pulsa
351 1206 468 1262 manu,
487 1196 520 1250 te
537 1184 691 1250 carmina
708 1196 824 1250 nostra
840 1186 1011 1250 sonabunt
1021 1207 1031 1259 3
1094 1215 1145 1269 205

91 1290 223 1379 flosque
240 1313 349 1357 novus
365 1291 491 1378 scripto
507 1292 655 1380 gemitus
671 1290 849 1357 imitabere
866 1302 1020 1357 nostros:

91 1407 228 1484 tempus
244 1408 277 1464 et
293 1398 378 1464 illud
394 1398 469 1475 erit,
487 1420 555 1486 quo
572 1420 609 1464 se
625 1397 828 1464 fortissimus
845 1398 946 1464 heros

94 1505 198 1570 addat
213 1503 248 1570 in
266 1506 359 1570 hunc
373 1504 506 1582 florem,
525 1505 674 1593 folioque
690 1505 826 1593 legatur
842 1505 1000 1569 eodem.”

139 1621 149 1652 ‘
165 1611 268 1676 Talia
283 1612 366 1677 dum
381 1633 463 1678 vero
480 1622 714 1677 memorantur
729 1610 902 1696 Apollinis
918 1632 990 1688 ore,

93 1740 175 1785 ecce
192 1740 304 1796 cruor,
321 1720 380 1807 qui
396 1720 492 1786 susus
509 1722 614 1786 humo
632 1721 829 1808 signaverat
845 1721 1002 1797 herbam,
1095 1753 1147 1792 210

94 1825 218 1892 desinit
234 1847 309 1892 esse
325 1847 438 1902 cruor,
455 1827 633 1914 Tyrioque
649 1827 808 1892 nitentior
823 1837 914 1892 ostro

93 1932 156 1998 flos
172 1932 291 2011 oritur,
309 1933 521 2021 formamque
537 1935 629 2020 capit
644 1955 748 2021 quam
765 1933 849 2010 lilia,
868 1934 896 1998 si
913 1955 984 2000 non

94 2059 287 2128 purpureus
303 2040 397 2105 color
412 2040 479 2115 his,
498 2052 682 2129 argenteus
698 2052 789 2106 esset
804 2040 840 2105 in
857 2040 939 2106 illis.

94 2145 259 2212 nonsatis
274 2147 341 2211 hoc
357 2146 497 2212 Phoebo
514 2160 565 2213 est
580 2147 627 2234 (is
644 2147 735 2213 enim
749 2147 811 2211 luit
827 2159 946 2213 auctor
962 2146 1120 2236 honoris)
1136 2169 1144 2213 ε

93 2252 168 2339 ipse
185 2274 265 2319 suos
282 2252 430 2340 gemitus
446 2253 535 2319 foliis
551 2253 716 2329 inscribit,
735 2264 768 2318 et
792 2271 832 2317 Ar
856 2272 895 2318 nr
1095 2283 1146 2340 215

94 2360 158 2426 flos
174 2359 278 2424 habet
293 2359 505 2445 inscriptum,
523 2360 725 2448 funestaque
743 2359 853 2425 littera
870 2361 973 2425 ducta
990 2369 1053 2426 est.

93 2486 161 2531 nec
175 2464 338 2553 genuisse
353 2466 460 2551 pudet
474 2464 622 2551 Sparten
641 2466 878 2553 Hyacinthon,
897 2468 1074 2555 honorque

94 2574 196 2639 durat
210 2571 246 2636 in
263 2572 329 2636 hoc
345 2571 444 2647 aevi;
463 2558 745 2661 'celebrandaque
762 2594 855 2638 more
872 2573 1024 2658 priorum

95 2699 212 2746 annua
226 2678 382 2766 praelata
394 2679 540 2747 redeunt
556 2680 769 2770 Hyacinthia
786 2680 939 2768 pompa.’

868 2820 907 2849 ,m
