<?xml version="1.0" encoding="UTF-8"?>
<!DOCTYPE html PUBLIC "-//W3C//DTD XHTML 1.0 Transitional//EN"
    "http://www.w3.org/TR/xhtml1/DTD/xhtml1-transitional.dtd">
<html xmlns="http://www.w3.org/1999/xhtml" xml:lang="en" lang="en">
 <head>
  <title>
</title>
<meta http-equiv="Content-Type" content="text/html;charset=utf-8" />
  <meta name='ocr-system' content='tesseract 3.04.00' />
  <meta name='ocr-capabilities' content='ocr_page ocr_carea ocr_par ocr_line ocrx_word'/>
</head>
<body>
  <div class='ocr_page' id='page_1' title='image "./publiovidiinaso00allegoog_0170.png"; bbox 0 0 2490 4208; ppageno 0'>
   <div class='ocr_carea' id='block_1_1' title="bbox 104 124 1169 3931">
    <p class='ocr_par' dir='ltr' id='par_1_1' title="bbox 118 124 1169 300">
     <span class='ocr_line' id='line_1_1' title="bbox 118 124 1169 218; baseline -0.014 -18"><span class='ocrx_word' id='word_1_1' title='bbox 118 146 191 201; x_wconf 87' lang='lat' dir='ltr'><strong>vll.</strong></span> <span class='ocrx_word' id='word_1_2' title='bbox 215 144 287 218; x_wconf 79' lang='lat'>¹44]</span> <span class='ocrx_word' id='word_1_3' title='bbox 418 127 529 217; x_wconf 83' lang='lat' dir='ltr'><strong>Jason</strong></span> <span class='ocrx_word' id='word_1_4' title='bbox 544 131 664 218; x_wconf 87' lang='lat' dir='ltr'><strong>sulfils</strong></span> <span class='ocrx_word' id='word_1_5' title='bbox 685 128 739 217; x_wconf 56' lang='lat' dir='ltr'><strong>hri</strong></span> <span class='ocrx_word' id='word_1_6' title='bbox 768 125 805 194; x_wconf 89' lang='grc' dir='ltr'><em>Τ</em></span> <span class='ocrx_word' id='word_1_7' title='bbox 798 124 872 191; x_wconf 84' lang='lat' dir='ltr'><strong>ask.</strong></span> <span class='ocrx_word' id='word_1_8' title='bbox 1124 125 1169 213; x_wconf 90' lang='lat'><strong>69</strong></span> 
     </span>
     <span class='ocr_line' id='line_1_2' title="bbox 665 233 778 300; baseline 0 -21"><span class='ocrx_word' id='word_1_9' title='bbox 665 261 681 300; x_wconf 28' lang='grc' dir='ltr'><strong>ι(</strong></span> <span class='ocrx_word' id='word_1_10' title='bbox 732 233 778 279; x_wconf 58' lang='grc' dir='ltr'><strong>πει</strong></span> 
     </span>
    </p>

    <p class='ocr_par' dir='ltr' id='par_1_2' title="bbox 119 246 1167 415">
     <span class='ocr_line' id='line_1_3' title="bbox 119 246 1167 415; baseline 0.004 -26"><span class='ocrx_word' id='word_1_11' title='bbox 119 324 298 410; x_wconf 90' lang='lat' dir='ltr'><strong>aeripedes</strong></span> <span class='ocrx_word' id='word_1_12' title='bbox 314 324 415 403; x_wconf 88' lang='lat' dir='ltr'><strong>tauri,</strong></span> <span class='ocrx_word' id='word_1_13' title='bbox 432 336 611 413; x_wconf 84' lang='lat' dir='ltr'><strong>tactaeque</strong></span> <span class='ocrx_word' id='word_1_14' title='bbox 614 246 811 415; x_wconf 69' lang='lat' dir='ltr'><strong>vhporrbus</strong></span> <span class='ocrx_word' id='word_1_15' title='bbox 828 323 1011 395; x_wconf 86' lang='lat' dir='ltr'>herbae</span> <span class='ocrx_word' id='word_1_16' title='bbox 1086 338 1088 343; x_wconf 80' lang='grc'><strong>“</strong></span> <span class='ocrx_word' id='word_1_17' title='bbox 1117 351 1167 408; x_wconf 81' lang='grc' dir='ltr'>ιος</span> 
     </span>
    </p>

    <p class='ocr_par' dir='ltr' id='par_1_3' title="bbox 118 414 1029 520">
     <span class='ocr_line' id='line_1_4' title="bbox 118 414 1029 520; baseline -0.002 -26"><span class='ocrx_word' id='word_1_18' title='bbox 118 432 251 496; x_wconf 80' lang='lat' dir='ltr'><strong>ardent</strong></span> <span class='ocrx_word' id='word_1_19' title='bbox 300 432 415 520; x_wconf 85' lang='lat' dir='ltr'><strong>thue</strong></span> <span class='ocrx_word' id='word_1_20' title='bbox 431 433 542 498; x_wconf 86' lang='lat' dir='ltr'><strong>solent</strong></span> <span class='ocrx_word' id='word_1_21' title='bbox 556 433 650 518; x_wconf 89' lang='lat' dir='ltr'><strong>pleni</strong></span> <span class='ocrx_word' id='word_1_22' title='bbox 667 451 828 496; x_wconf 90' lang='lat' dir='ltr'><strong>resonare</strong></span> <span class='ocrx_word' id='word_1_23' title='bbox 847 414 1029 513; x_wconf 85' lang='lat' dir='ltr'><strong>camini,‘</strong></span> 
     </span>
    </p>

    <p class='ocr_par' dir='ltr' id='par_1_4' title="bbox 118 536 804 605">
     <span class='ocr_line' id='line_1_5' title="bbox 118 536 804 605; baseline -0.003 -3"><span class='ocrx_word' id='word_1_24' title='bbox 118 548 177 602; x_wconf 91' lang='lat' dir='ltr'><strong>aut</strong></span> <span class='ocrx_word' id='word_1_25' title='bbox 192 538 250 603; x_wconf 92' lang='lat' dir='ltr'><strong>ubi</strong></span> <span class='ocrx_word' id='word_1_26' title='bbox 267 549 400 604; x_wconf 88' lang='lat' dir='ltr'><strong>terrena</strong></span> <span class='ocrx_word' id='word_1_27' title='bbox 417 539 532 605; x_wconf 90' lang='lat' dir='ltr'><strong>silices</strong></span> <span class='ocrx_word' id='word_1_28' title='bbox 547 539 686 605; x_wconf 83' lang='lat' dir='ltr'><strong>fornace</strong></span> <span class='ocrx_word' id='word_1_29' title='bbox 704 536 804 603; x_wconf 91' lang='lat' dir='ltr'><strong>soluti</strong></span> 
     </span>
    </p>

    <p class='ocr_par' dir='ltr' id='par_1_5' title="bbox 117 643 1075 733">
     <span class='ocr_line' id='line_1_6' title="bbox 117 643 1075 733; baseline -0.003 -23"><span class='ocrx_word' id='word_1_30' title='bbox 117 645 314 730; x_wconf 91' lang='lat' dir='ltr'><strong>concipiunt</strong></span> <span class='ocrx_word' id='word_1_31' title='bbox 329 645 446 733; x_wconf 87' lang='lat' dir='ltr'><strong>ignem</strong></span> <span class='ocrx_word' id='word_1_32' title='bbox 462 645 668 732; x_wconf 90' lang='lat' dir='ltr'><strong>liquidarum</strong></span> <span class='ocrx_word' id='word_1_33' title='bbox 685 643 870 730; x_wconf 85' lang='lat' dir='ltr'>aspargine</span> <span class='ocrx_word' id='word_1_34' title='bbox 887 664 1075 730; x_wconf 83' lang='lat' dir='ltr'><strong>aquarum:</strong></span> 
     </span>
    </p>

    <p class='ocr_par' dir='ltr' id='par_1_6' title="bbox 104 741 941 838">
     <span class='ocr_line' id='line_1_7' title="bbox 104 741 941 838; baseline -0.002 -22"><span class='ocrx_word' id='word_1_35' title='bbox 104 741 257 838; x_wconf 67' lang='lat' dir='ltr'><strong>rpectora</strong></span> <span class='ocrx_word' id='word_1_36' title='bbox 272 751 323 818; x_wconf 93' lang='lat' dir='ltr'><strong>sic</strong></span> <span class='ocrx_word' id='word_1_37' title='bbox 337 753 428 818; x_wconf 92' lang='lat' dir='ltr'><strong>intus</strong></span> <span class='ocrx_word' id='word_1_38' title='bbox 444 752 579 817; x_wconf 92' lang='lat' dir='ltr'><strong>clausas</strong></span> <span class='ocrx_word' id='word_1_39' title='bbox 595 751 767 817; x_wconf 90' lang='lat' dir='ltr'><strong>volventia</strong></span> <span class='ocrx_word' id='word_1_40' title='bbox 784 749 941 814; x_wconf 87' lang='lat' dir='ltr'><strong>flammas</strong></span> 
     </span>
    </p>

    <p class='ocr_par' dir='ltr' id='par_1_7' title="bbox 116 840 1107 947">
     <span class='ocr_line' id='line_1_8' title="bbox 116 840 1107 947; baseline -0.002 -24"><span class='ocrx_word' id='word_1_41' title='bbox 116 869 320 947; x_wconf 84' lang='lat' dir='ltr'><strong>gutturaque</strong></span> <span class='ocrx_word' id='word_1_42' title='bbox 336 870 413 924; x_wconf 91' lang='lat' dir='ltr'><strong>usta</strong></span> <span class='ocrx_word' id='word_1_43' title='bbox 430 840 581 941; x_wconf 78' lang='lat' dir='ltr'><strong>sonantl</strong></span> <span class='ocrx_word' id='word_1_44' title='bbox 613 857 750 922; x_wconf 90' lang='lat' dir='ltr'><strong>Tamen</strong></span> <span class='ocrx_word' id='word_1_45' title='bbox 768 855 834 921; x_wconf 90' lang='lat' dir='ltr'><strong>illis</strong></span> <span class='ocrx_word' id='word_1_46' title='bbox 849 853 990 921; x_wconf 88' lang='lat' dir='ltr'><strong>Aesone</strong></span> <span class='ocrx_word' id='word_1_47' title='bbox 1006 866 1107 921; x_wconf 91' lang='lat' dir='ltr'><strong>natus</strong></span> 
     </span>
    </p>

    <p class='ocr_par' dir='ltr' id='par_1_8' title="bbox 114 948 901 1032">
     <span class='ocr_line' id='line_1_9' title="bbox 114 948 901 1032; baseline -0.008 0"><span class='ocrx_word' id='word_1_48' title='bbox 114 948 237 1032; x_wconf 88' lang='lat' dir='ltr'><strong>obvius</strong></span> <span class='ocrx_word' id='word_1_49' title='bbox 253 964 297 1029; x_wconf 84' lang='lat' dir='ltr'><strong>it:</strong></span> <span class='ocrx_word' id='word_1_50' title='bbox 321 975 452 1030; x_wconf 75' lang='lat' dir='ltr'><strong>vertere</strong></span> <span class='ocrx_word' id='word_1_51' title='bbox 468 952 582 1031; x_wconf 90' lang='lat' dir='ltr'><strong>truces</strong></span> <span class='ocrx_word' id='word_1_52' title='bbox 597 963 763 1029; x_wconf 90' lang='lat' dir='ltr'><strong>venientis</strong></span> <span class='ocrx_word' id='word_1_53' title='bbox 780 961 825 1026; x_wconf 93' lang='lat' dir='ltr'><strong>ad</strong></span> <span class='ocrx_word' id='word_1_54' title='bbox 840 983 901 1028; x_wconf 89' lang='lat' dir='ltr'><strong>ora</strong></span> 
     </span>
    </p>

    <p class='ocr_par' dir='ltr' id='par_1_9' title="bbox 114 1066 916 1154">
     <span class='ocr_line' id='line_1_10' title="bbox 114 1066 916 1154; baseline -0.005 -20"><span class='ocrx_word' id='word_1_55' title='bbox 114 1068 283 1134; x_wconf 86' lang='lat' dir='ltr'><strong>terribiles</strong></span> <span class='ocrx_word' id='word_1_56' title='bbox 298 1069 411 1134; x_wconf 90' lang='lat' dir='ltr'><strong>vultus</strong></span> <span class='ocrx_word' id='word_1_57' title='bbox 428 1069 650 1154; x_wconf 84' lang='lat' dir='ltr'><strong>praefixaque</strong></span> <span class='ocrx_word' id='word_1_58' title='bbox 667 1086 797 1131; x_wconf 91' lang='lat' dir='ltr'><strong>cornua</strong></span> <span class='ocrx_word' id='word_1_59' title='bbox 814 1066 916 1141; x_wconf 88' lang='lat' dir='ltr'><strong>ferro,</strong></span> 
     </span>
    </p>

    <p class='ocr_par' dir='ltr' id='par_1_10' title="bbox 114 1172 974 1263">
     <span class='ocr_line' id='line_1_11' title="bbox 114 1172 974 1263; baseline -0.005 -22"><span class='ocrx_word' id='word_1_60' title='bbox 114 1177 384 1263; x_wconf 88' lang='lat' dir='ltr'><strong>pulvereumque</strong></span> <span class='ocrx_word' id='word_1_61' title='bbox 400 1176 510 1241; x_wconf 91' lang='lat' dir='ltr'><strong>solum</strong></span> <span class='ocrx_word' id='word_1_62' title='bbox 528 1175 615 1261; x_wconf 89' lang='lat' dir='ltr'><strong>pede</strong></span> <span class='ocrx_word' id='word_1_63' title='bbox 632 1173 812 1258; x_wconf 86' lang='lat' dir='ltr'><strong>pulsavere</strong></span> <span class='ocrx_word' id='word_1_64' title='bbox 828 1172 974 1249; x_wconf 92' lang='lat' dir='ltr'><strong>bisulco,</strong></span> 
     </span>
    </p>

    <p class='ocr_par' dir='ltr' id='par_1_11' title="bbox 114 1255 935 1369">
     <span class='ocr_line' id='line_1_12' title="bbox 114 1255 935 1369; baseline -0.005 -21"><span class='ocrx_word' id='word_1_65' title='bbox 114 1282 342 1369; x_wconf 82' lang='lat' dir='ltr'><strong>fumificisque</strong></span> <span class='ocrx_word' id='word_1_66' title='bbox 358 1283 472 1347; x_wconf 90' lang='lat' dir='ltr'><strong>locum</strong></span> <span class='ocrx_word' id='word_1_67' title='bbox 484 1255 678 1369; x_wconf 77' lang='lat' dir='ltr'><strong>niu‘gltibus</strong></span> <span class='ocrx_word' id='word_1_68' title='bbox 694 1280 935 1365; x_wconf 87' lang='lat' dir='ltr'><strong>impleverunt.</strong></span> 
     </span>
    </p>

    <p class='ocr_par' dir='ltr' id='par_1_12' title="bbox 109 1384 1168 2439">
     <span class='ocr_line' id='line_1_13' title="bbox 160 1384 1164 1477; baseline -0.004 -23"><span class='ocrx_word' id='word_1_69' title='bbox 160 1387 352 1477; x_wconf 86' lang='lat' dir='ltr'><strong>Deriguere</strong></span> <span class='ocrx_word' id='word_1_70' title='bbox 370 1399 461 1453; x_wconf 87' lang='lat' dir='ltr'><strong>metu</strong></span> <span class='ocrx_word' id='word_1_71' title='bbox 477 1387 635 1474; x_wconf 86' lang='lat' dir='ltr'><strong>Minyae.</strong></span> <span class='ocrx_word' id='word_1_72' title='bbox 685 1384 785 1451; x_wconf 88' lang='lat' dir='ltr'><strong>Subit</strong></span> <span class='ocrx_word' id='word_1_73' title='bbox 801 1385 871 1461; x_wconf 90' lang='lat' dir='ltr'><strong>ille,</strong></span> <span class='ocrx_word' id='word_1_74' title='bbox 890 1404 955 1451; x_wconf 92' lang='lat' dir='ltr'><strong>nec</strong></span> <span class='ocrx_word' id='word_1_75' title='bbox 971 1385 1070 1473; x_wconf 88' lang='lat' dir='ltr'><strong>ignes</strong></span> <span class='ocrx_word' id='word_1_76' title='bbox 1116 1415 1164 1471; x_wconf 79' lang='lat'><strong>1¹5</strong></span> 
     </span>
     <span class='ocr_line' id='line_1_14' title="bbox 113 1491 1094 1581; baseline -0.005 -21"><span class='ocrx_word' id='word_1_77' title='bbox 113 1495 216 1562; x_wconf 89' lang='lat' dir='ltr'><strong>sentit</strong></span> <span class='ocrx_word' id='word_1_78' title='bbox 231 1494 422 1569; x_wconf 86' lang='lat' dir='ltr'><strong>anhelatos,</strong></span> <span class='ocrx_word' id='word_1_79' title='bbox 433 1504 619 1559; x_wconf 90' lang='lat' dir='ltr'><strong>-tantum</strong></span> <span class='ocrx_word' id='word_1_80' title='bbox 636 1491 865 1581; x_wconf 76' lang='lat' dir='ltr'><strong>mediqamina</strong></span> <span class='ocrx_word' id='word_1_81' title='bbox 882 1502 1037 1576; x_wconf 90' lang='lat' dir='ltr'><strong>possunt,</strong></span> <span class='ocrx_word' id='word_1_82' title='bbox 1048 1528 1094 1540; x_wconf 95' lang='lat'>-</span> 
     </span>
     <span class='ocr_line' id='line_1_15' title="bbox 111 1597 1017 1689; baseline -0.007 -22"><span class='ocrx_word' id='word_1_83' title='bbox 111 1601 332 1689; x_wconf 82' lang='lat' dir='ltr'><strong>&#39;pendulaque</strong></span> <span class='ocrx_word' id='word_1_84' title='bbox 349 1600 472 1666; x_wconf 86' lang='lat' dir='ltr'><strong>audaci</strong></span> <span class='ocrx_word' id='word_1_85' title='bbox 489 1601 616 1665; x_wconf 90' lang='lat' dir='ltr'><strong>mulcet</strong></span> <span class='ocrx_word' id='word_1_86' title='bbox 631 1597 782 1684; x_wconf 90' lang='lat' dir='ltr'><strong>palearia</strong></span> <span class='ocrx_word' id='word_1_87' title='bbox 801 1597 936 1674; x_wconf 86' lang='lat' dir='ltr'><strong>dextra,</strong></span> <span class='ocrx_word' id='word_1_88' title='bbox 1014 1644 1017 1649; x_wconf 82' lang='lat'>-</span> 
     </span>
     <span class='ocr_line' id='line_1_16' title="bbox 112 1704 975 1796; baseline -0.007 -22"><span class='ocrx_word' id='word_1_89' title='bbox 112 1708 373 1795; x_wconf 87' lang='lat' dir='ltr'><strong>subpositosque</strong></span> <span class='ocrx_word' id='word_1_90' title='bbox 385 1706 472 1796; x_wconf 85' lang='lat' dir='ltr'><strong>jugo</strong></span> <span class='ocrx_word' id='word_1_91' title='bbox 488 1705 622 1792; x_wconf 91' lang='lat' dir='ltr'><strong>pondus</strong></span> <span class='ocrx_word' id='word_1_92' title='bbox 639 1725 749 1793; x_wconf 71' lang='lat' dir='ltr'><strong>grave¹</strong></span> <span class='ocrx_word' id='word_1_93' title='bbox 763 1704 856 1792; x_wconf 88' lang='lat' dir='ltr'><strong>cogit</strong></span> <span class='ocrx_word' id='word_1_94' title='bbox 872 1704 975 1769; x_wconf 89' lang='lat' dir='ltr'><strong>aratri</strong></span> 
     </span>
     <span class='ocr_line' id='line_1_17' title="bbox 112 1811 1026 1898; baseline -0.005 -17"><span class='ocrx_word' id='word_1_95' title='bbox 112 1815 252 1890; x_wconf 89' lang='lat' dir='ltr'><strong>ducere,</strong></span> <span class='ocrx_word' id='word_1_96' title='bbox 271 1824 304 1880; x_wconf 89' lang='lat' dir='ltr'><strong>et</strong></span> <span class='ocrx_word' id='word_1_97' title='bbox 319 1813 488 1880; x_wconf 88' lang='lat' dir='ltr'><strong>insuetum</strong></span> <span class='ocrx_word' id='word_1_98' title='bbox 505 1813 595 1878; x_wconf 83' lang='lat' dir='ltr'><strong>ferro</strong></span> <span class='ocrx_word' id='word_1_99' title='bbox 611 1811 833 1897; x_wconf 90' lang='lat' dir='ltr'><strong>proscindere</strong></span> <span class='ocrx_word' id='word_1_100' title='bbox 850 1832 1026 1898; x_wconf 88' lang='lat' dir='ltr'><strong>campum.</strong></span> 
     </span>
     <span class='ocr_line' id='line_1_18' title="bbox 112 1918 1168 2008; baseline 0 -23"><span class='ocrx_word' id='word_1_101' title='bbox 112 1920 279 1986; x_wconf 89' lang='lat' dir='ltr'><strong>mirantur</strong></span> <span class='ocrx_word' id='word_1_102' title='bbox 294 1919 436 1987; x_wconf 88' lang='lat' dir='ltr'><strong>Colchi:</strong></span> <span class='ocrx_word' id='word_1_103' title='bbox 461 1918 607 2008; x_wconf 90' lang='lat' dir='ltr'><strong>Minyae</strong></span> <span class='ocrx_word' id='word_1_104' title='bbox 624 1919 831 1984; x_wconf 89' lang='lat' dir='ltr'><strong>clamoribus</strong></span> <span class='ocrx_word' id='word_1_105' title='bbox 850 1930 992 2007; x_wconf 88' lang='lat' dir='ltr'><strong>augent,</strong></span> <span class='ocrx_word' id='word_1_106' title='bbox 1114 1944 1168 2005; x_wconf 60' lang='grc' dir='ltr'><strong>ιφ-</strong></span> 
     </span>
     <span class='ocr_line' id='line_1_19' title="bbox 111 2026 1140 2116; baseline 0 -23"><span class='ocrx_word' id='word_1_107' title='bbox 111 2028 330 2116; x_wconf 90' lang='lat' dir='ltr'><strong>adiciuntque</strong></span> <span class='ocrx_word' id='word_1_108' title='bbox 347 2028 491 2095; x_wconf 89' lang='lat' dir='ltr'><strong>animos.</strong></span> <span class='ocrx_word' id='word_1_109' title='bbox 540 2026 652 2094; x_wconf 89' lang='lat' dir='ltr'><strong>Galea</strong></span> <span class='ocrx_word' id='word_1_110' title='bbox 667 2039 738 2093; x_wconf 88' lang='lat' dir='ltr'><strong>tum</strong></span> <span class='ocrx_word' id='word_1_111' title='bbox 755 2027 859 2093; x_wconf 88' lang='lat' dir='ltr'><strong>sumit</strong></span> <span class='ocrx_word' id='word_1_112' title='bbox 874 2032 962 2093; x_wconf 72' lang='lat' dir='ltr'><strong>aena</strong></span> <span class='ocrx_word' id='word_1_113' title='bbox 1137 2054 1140 2059; x_wconf 94' lang='lat'>·</span> 
     </span>
     <span class='ocr_line' id='line_1_20' title="bbox 109 2117 1031 2260; baseline -0.002 -60"><span class='ocrx_word' id='word_1_114' title='bbox 109 2134 437 2260; x_wconf 46' lang='lat' dir='ltr'><strong>vipereosydentes,</strong></span> <span class='ocrx_word' id='word_1_115' title='bbox 434 2146 468 2200; x_wconf 90' lang='lat' dir='ltr'><strong>et</strong></span> <span class='ocrx_word' id='word_1_116' title='bbox 484 2145 596 2200; x_wconf 92' lang='lat' dir='ltr'><strong>aratos</strong></span> <span class='ocrx_word' id='word_1_117' title='bbox 614 2135 746 2223; x_wconf 86' lang='lat' dir='ltr'><strong>spargit</strong></span> <span class='ocrx_word' id='word_1_118' title='bbox 761 2135 795 2198; x_wconf 90' lang='lat' dir='ltr'><strong>in</strong></span> <span class='ocrx_word' id='word_1_119' title='bbox 813 2155 928 2222; x_wconf 88' lang='lat' dir='ltr'><strong>agros</strong></span> <span class='ocrx_word' id='word_1_120' title='bbox 1025 2117 1031 2124; x_wconf 43' lang='lat'>¹</span> 
     </span>
     <span class='ocr_line' id='line_1_21' title="bbox 110 2239 1008 2328; baseline 0.002 -20"><span class='ocrx_word' id='word_1_121' title='bbox 110 2243 244 2309; x_wconf 91' lang='lat' dir='ltr'><strong>semina</strong></span> <span class='ocrx_word' id='word_1_122' title='bbox 296 2254 317 2310; x_wconf 87' lang='lat' dir='ltr'><strong>o</strong></span> <span class='ocrx_word' id='word_1_123' title='bbox 344 2256 369 2310; x_wconf 83' lang='lat' dir='ltr'><strong>rt</strong></span> <span class='ocrx_word' id='word_1_124' title='bbox 385 2239 509 2310; x_wconf 90' lang='lat' dir='ltr'><strong>hu‘mus</strong></span> <span class='ocrx_word' id='word_1_125' title='bbox 525 2243 641 2309; x_wconf 92' lang='lat' dir='ltr'><strong>valido</strong></span> <span class='ocrx_word' id='word_1_126' title='bbox 658 2243 845 2328; x_wconf 90' lang='lat' dir='ltr'><strong>praetincta</strong></span> <span class='ocrx_word' id='word_1_127' title='bbox 861 2264 1008 2327; x_wconf 89' lang='lat' dir='ltr'><strong>veneno,</strong></span> 
     </span>
     <span class='ocr_line' id='line_1_22' title="bbox 109 2350 993 2439; baseline 0.002 -25"><span class='ocrx_word' id='word_1_128' title='bbox 109 2361 145 2414; x_wconf 93' lang='lat' dir='ltr'><strong>et</strong></span> <span class='ocrx_word' id='word_1_129' title='bbox 160 2362 330 2425; x_wconf 89' lang='lat' dir='ltr'><strong>crescunt,</strong></span> <span class='ocrx_word' id='word_1_130' title='bbox 348 2352 499 2439; x_wconf 88' lang='lat' dir='ltr'><strong>fiuntque</strong></span> <span class='ocrx_word' id='word_1_131' title='bbox 516 2350 579 2415; x_wconf 90' lang='lat' dir='ltr'><strong>sati</strong></span> <span class='ocrx_word' id='word_1_132' title='bbox 596 2370 685 2435; x_wconf 88' lang='lat' dir='ltr'><strong>nova</strong></span> <span class='ocrx_word' id='word_1_133' title='bbox 701 2371 845 2434; x_wconf 91' lang='lat' dir='ltr'><strong>corpora</strong></span> <span class='ocrx_word' id='word_1_134' title='bbox 862 2351 993 2416; x_wconf 88' lang='lat' dir='ltr'><strong>dentes.</strong></span> 
     </span>
    </p>

    <p class='ocr_par' dir='ltr' id='par_1_13' title="bbox 105 2455 1159 3397">
     <span class='ocr_line' id='line_1_23' title="bbox 156 2455 1156 2550; baseline 0 -27"><span class='ocrx_word' id='word_1_135' title='bbox 156 2455 256 2545; x_wconf 73' lang='lat' dir='ltr'><strong>Quos</strong></span> <span class='ocrx_word' id='word_1_136' title='bbox 270 2458 329 2522; x_wconf 92' lang='lat' dir='ltr'><strong>ubi</strong></span> <span class='ocrx_word' id='word_1_137' title='bbox 345 2458 503 2537; x_wconf 89' lang='lat' dir='ltr'><strong>viderunt</strong></span> <span class='ocrx_word' id='word_1_138' title='bbox 519 2469 724 2544; x_wconf 88' lang='lat' dir='ltr'><strong>praeacutae</strong></span> <span class='ocrx_word' id='word_1_139' title='bbox 741 2457 891 2541; x_wconf 92' lang='lat' dir='ltr'><strong>cuspidis</strong></span> <span class='ocrx_word' id='word_1_140' title='bbox 909 2458 1025 2523; x_wconf 89' lang='lat' dir='ltr'><strong>hastas</strong></span> <span class='ocrx_word' id='word_1_141' title='bbox 1107 2493 1156 2550; x_wconf 80' lang='lat'><strong>131</strong></span> 
     </span>
     <span class='ocr_line' id='line_1_24' title="bbox 108 2556 978 2653; baseline 0.002 -27"><span class='ocrx_word' id='word_1_142' title='bbox 108 2561 145 2627; x_wconf 93' lang='lat' dir='ltr'><strong>in</strong></span> <span class='ocrx_word' id='word_1_143' title='bbox 162 2574 266 2648; x_wconf 92' lang='lat' dir='ltr'><strong>caput</strong></span> <span class='ocrx_word' id='word_1_144' title='bbox 282 2556 786 2653; x_wconf 68' lang='lat' dir='ltr'><strong>Haemoniijuvenistorquere</strong></span> <span class='ocrx_word' id='word_1_145' title='bbox 803 2574 978 2648; x_wconf 90' lang='lat' dir='ltr'><strong>parantes,</strong></span> 
     </span>
     <span class='ocr_line' id='line_1_25' title="bbox 108 2669 1009 2758; baseline -0.001 -24"><span class='ocrx_word' id='word_1_146' title='bbox 108 2669 279 2735; x_wconf 84' lang='lat' dir='ltr'><strong>demisere</strong></span> <span class='ocrx_word' id='word_1_147' title='bbox 296 2682 388 2736; x_wconf 90' lang='lat' dir='ltr'><strong>metu</strong></span> <span class='ocrx_word' id='word_1_148' title='bbox 402 2671 602 2756; x_wconf 90' lang='lat' dir='ltr'><strong>vultumque</strong></span> <span class='ocrx_word' id='word_1_149' title='bbox 619 2671 841 2756; x_wconf 88' lang='lat' dir='ltr'><strong>animumque</strong></span> <span class='ocrx_word' id='word_1_150' title='bbox 858 2669 1009 2758; x_wconf 89' lang='lat' dir='ltr'><strong>Pelasgi.</strong></span> 
     </span>
     <span class='ocr_line' id='line_1_26' title="bbox 108 2775 1030 2864; baseline 0.003 -25"><span class='ocrx_word' id='word_1_151' title='bbox 108 2776 186 2861; x_wconf 90' lang='lat' dir='ltr'><strong>ipsa</strong></span> <span class='ocrx_word' id='word_1_152' title='bbox 200 2797 337 2864; x_wconf 90' lang='lat' dir='ltr'><strong>quoque</strong></span> <span class='ocrx_word' id='word_1_153' title='bbox 352 2778 521 2852; x_wconf 85' lang='lat' dir='ltr'><strong>extimuit,</strong></span> <span class='ocrx_word' id='word_1_154' title='bbox 538 2798 627 2863; x_wconf 88' lang='lat' dir='ltr'><strong>quae</strong></span> <span class='ocrx_word' id='word_1_155' title='bbox 644 2786 751 2841; x_wconf 88' lang='lat' dir='ltr'><strong>tutum</strong></span> <span class='ocrx_word' id='word_1_156' title='bbox 770 2776 898 2841; x_wconf 89' lang='lat' dir='ltr'><strong>fecerat</strong></span> <span class='ocrx_word' id='word_1_157' title='bbox 914 2775 1030 2842; x_wconf 75' lang='lat' dir='ltr'><strong>illumi</strong></span> 
     </span>
     <span class='ocr_line' id='line_1_27' title="bbox 107 2883 1159 2972; baseline 0 -26"><span class='ocrx_word' id='word_1_158' title='bbox 107 2892 214 2969; x_wconf 90' lang='lat' dir='ltr'><strong>utque</strong></span> <span class='ocrx_word' id='word_1_159' title='bbox 229 2884 297 2969; x_wconf 88' lang='lat' dir='ltr'><strong>peti</strong></span> <span class='ocrx_word' id='word_1_160' title='bbox 314 2885 398 2951; x_wconf 91' lang='lat' dir='ltr'><strong>vidit</strong></span> <span class='ocrx_word' id='word_1_161' title='bbox 409 2884 573 2972; x_wconf 87' lang='lat' dir='ltr'><strong>juvenem</strong></span> <span class='ocrx_word' id='word_1_162' title='bbox 588 2883 697 2948; x_wconf 83' lang='lat' dir='ltr'><strong>totab</strong></span> <span class='ocrx_word' id='word_1_163' title='bbox 715 2883 868 2948; x_wconf 90' lang='lat' dir='ltr'><strong>hostibus</strong></span> <span class='ocrx_word' id='word_1_164' title='bbox 884 2905 1005 2959; x_wconf 92' lang='lat' dir='ltr'><strong>unum,</strong></span> <span class='ocrx_word' id='word_1_165' title='bbox 1109 2914 1159 2971; x_wconf 78' lang='lat'><strong>135</strong></span> 
     </span>
     <span class='ocr_line' id='line_1_28' title="bbox 107 2987 959 3077; baseline -0.001 -24"><span class='ocrx_word' id='word_1_166' title='bbox 107 2988 242 3075; x_wconf 90' lang='lat' dir='ltr'><strong>palluit,</strong></span> <span class='ocrx_word' id='word_1_167' title='bbox 260 3000 294 3056; x_wconf 89' lang='lat' dir='ltr'><strong>et</strong></span> <span class='ocrx_word' id='word_1_168' title='bbox 309 2990 419 3056; x_wconf 90' lang='lat' dir='ltr'><strong>subito</strong></span> <span class='ocrx_word' id='word_1_169' title='bbox 435 2991 509 3056; x_wconf 90' lang='lat' dir='ltr'><strong>sine</strong></span> <span class='ocrx_word' id='word_1_170' title='bbox 525 2987 694 3077; x_wconf 90' lang='lat' dir='ltr'><strong>sanguine</strong></span> <span class='ocrx_word' id='word_1_171' title='bbox 711 2988 837 3076; x_wconf 85' lang='lat' dir='ltr'><strong>frigida</strong></span> <span class='ocrx_word' id='word_1_172' title='bbox 853 2989 959 3063; x_wconf 88' lang='lat' dir='ltr'><strong>sedit;</strong></span> 
     </span>
     <span class='ocr_line' id='line_1_29' title="bbox 105 3094 1023 3183; baseline 0.002 -23"><span class='ocrx_word' id='word_1_173' title='bbox 105 3116 196 3161; x_wconf 91' lang='lat' dir='ltr'><strong>neve</strong></span> <span class='ocrx_word' id='word_1_174' title='bbox 212 3096 334 3182; x_wconf 86' lang='lat' dir='ltr'><strong>parurn</strong></span> <span class='ocrx_word' id='word_1_175' title='bbox 350 3097 488 3163; x_wconf 90' lang='lat' dir='ltr'><strong>valeant</strong></span> <span class='ocrx_word' id='word_1_176' title='bbox 503 3117 524 3161; x_wconf 88' lang='lat' dir='ltr'><strong>a</strong></span> <span class='ocrx_word' id='word_1_177' title='bbox 540 3117 578 3161; x_wconf 86' lang='lat' dir='ltr'><strong>se</strong></span> <span class='ocrx_word' id='word_1_178' title='bbox 593 3096 674 3161; x_wconf 92' lang='lat' dir='ltr'><strong>data</strong></span> <span class='ocrx_word' id='word_1_179' title='bbox 692 3094 864 3183; x_wconf 89' lang='lat' dir='ltr'><strong>gramina,</strong></span> <span class='ocrx_word' id='word_1_180' title='bbox 883 3117 1023 3162; x_wconf 90' lang='lat' dir='ltr'><strong>carmen</strong></span> 
     </span>
     <span class='ocr_line' id='line_1_30' title="bbox 107 3202 909 3290; baseline 0 -25"><span class='ocrx_word' id='word_1_181' title='bbox 107 3202 277 3269; x_wconf 85' lang='lat' dir='ltr'><strong>auxiliare</strong></span> <span class='ocrx_word' id='word_1_182' title='bbox 292 3203 395 3279; x_wconf 89' lang='lat' dir='ltr'><strong>cauit,</strong></span> <span class='ocrx_word' id='word_1_183' title='bbox 413 3213 630 3290; x_wconf 88' lang='lat' dir='ltr'><strong>secretasque</strong></span> <span class='ocrx_word' id='word_1_184' title='bbox 647 3203 792 3267; x_wconf 88' lang='lat' dir='ltr'><strong>advocat</strong></span> <span class='ocrx_word' id='word_1_185' title='bbox 808 3213 909 3268; x_wconf 89' lang='lat' dir='ltr'><strong>artes.</strong></span> 
     </span>
     <span class='ocr_line' id='line_1_31' title="bbox 106 3307 1016 3397; baseline 0.003 -24"><span class='ocrx_word' id='word_1_186' title='bbox 106 3307 180 3385; x_wconf 91' lang='lat' dir='ltr'><strong>ille,</strong></span> <span class='ocrx_word' id='word_1_187' title='bbox 197 3331 340 3397; x_wconf 89' lang='lat' dir='ltr'><strong>gravem</strong></span> <span class='ocrx_word' id='word_1_188' title='bbox 356 3308 488 3375; x_wconf 89' lang='lat' dir='ltr'><strong>medios</strong></span> <span class='ocrx_word' id='word_1_189' title='bbox 504 3309 634 3375; x_wconf 89' lang='lat' dir='ltr'><strong>silicem</strong></span> <span class='ocrx_word' id='word_1_190' title='bbox 647 3309 819 3396; x_wconf 88' lang='lat' dir='ltr'><strong>jaculatus</strong></span> <span class='ocrx_word' id='word_1_191' title='bbox 836 3309 870 3373; x_wconf 93' lang='lat' dir='ltr'><strong>in</strong></span> <span class='ocrx_word' id='word_1_192' title='bbox 888 3309 1016 3386; x_wconf 90' lang='lat' dir='ltr'><strong>hostes,</strong></span> 
     </span>
    </p>

    <p class='ocr_par' dir='ltr' id='par_1_14' title="bbox 107 3414 1159 3502">
     <span class='ocr_line' id='line_1_32' title="bbox 107 3414 1159 3502; baseline 0.005 -23"><span class='ocrx_word' id='word_1_193' title='bbox 107 3435 128 3479; x_wconf 90' lang='lat' dir='ltr'><strong>a</strong></span> <span class='ocrx_word' id='word_1_194' title='bbox 145 3436 183 3481; x_wconf 89' lang='lat' dir='ltr'><strong>se</strong></span> <span class='ocrx_word' id='word_1_195' title='bbox 199 3416 381 3502; x_wconf 86' lang='lat' dir='ltr'><strong>depulsum</strong></span> <span class='ocrx_word' id='word_1_196' title='bbox 398 3415 548 3490; x_wconf 89' lang='lat' dir='ltr'><strong>Martem</strong></span> <span class='ocrx_word' id='word_1_197' title='bbox 565 3414 731 3480; x_wconf 90' lang='lat' dir='ltr'><strong>convertit</strong></span> <span class='ocrx_word' id='word_1_198' title='bbox 747 3414 782 3479; x_wconf 92' lang='lat' dir='ltr'><strong>in</strong></span> <span class='ocrx_word' id='word_1_199' title='bbox 799 3415 903 3501; x_wconf 91' lang='lat' dir='ltr'><strong>ipsos.</strong></span> <span class='ocrx_word' id='word_1_200' title='bbox 1108 3445 1159 3497; x_wconf 64' lang='grc' dir='ltr'>ιω</span> 
     </span>
    </p>

    <p class='ocr_par' dir='ltr' id='par_1_15' title="bbox 106 3521 982 3610">
     <span class='ocr_line' id='line_1_33' title="bbox 106 3521 982 3610; baseline 0.001 -24"><span class='ocrx_word' id='word_1_201' title='bbox 106 3521 302 3610; x_wconf 89' lang='lat' dir='ltr'><strong>terrigenae</strong></span> <span class='ocrx_word' id='word_1_202' title='bbox 318 3532 462 3608; x_wconf 89' lang='lat' dir='ltr'><strong>pereunt</strong></span> <span class='ocrx_word' id='word_1_203' title='bbox 478 3543 540 3607; x_wconf 92' lang='lat' dir='ltr'><strong>per</strong></span> <span class='ocrx_word' id='word_1_204' title='bbox 556 3532 672 3586; x_wconf 90' lang='lat' dir='ltr'><strong>mutua</strong></span> <span class='ocrx_word' id='word_1_205' title='bbox 688 3522 833 3587; x_wconf 91' lang='lat' dir='ltr'><strong>vulnera</strong></span> <span class='ocrx_word' id='word_1_206' title='bbox 850 3521 982 3598; x_wconf 88' lang='lat' dir='ltr'><strong>fratres,</strong></span> 
     </span>
    </p>

    <p class='ocr_par' dir='ltr' id='par_1_16' title="bbox 107 3625 900 3715">
     <span class='ocr_line' id='line_1_34' title="bbox 107 3625 900 3715; baseline 0 -23"><span class='ocrx_word' id='word_1_207' title='bbox 107 3625 268 3715; x_wconf 91' lang='lat' dir='ltr'><strong>civilique</strong></span> <span class='ocrx_word' id='word_1_208' title='bbox 284 3629 412 3695; x_wconf 85' lang='lat' dir='ltr'><strong>eadunt</strong></span> <span class='ocrx_word' id='word_1_209' title='bbox 427 3628 512 3693; x_wconf 89' lang='lat' dir='ltr'><strong>acie.</strong></span> <span class='ocrx_word' id='word_1_210' title='bbox 558 3627 745 3693; x_wconf 89' lang='lat' dir='ltr'><strong>Gratantur</strong></span> <span class='ocrx_word' id='word_1_211' title='bbox 759 3626 900 3704; x_wconf 91' lang='lat' dir='ltr'><strong>Achivi,</strong></span> 
     </span>
    </p>

    <p class='ocr_par' dir='ltr' id='par_1_17' title="bbox 106 3734 1091 3931">
     <span class='ocr_line' id='line_1_35' title="bbox 106 3734 1085 3823; baseline 0.001 -25"><span class='ocrx_word' id='word_1_212' title='bbox 106 3734 340 3823; x_wconf 90' lang='lat' dir='ltr'><strong>victoremque</strong></span> <span class='ocrx_word' id='word_1_213' title='bbox 355 3746 484 3811; x_wconf 90' lang='lat' dir='ltr'><strong>tenent,</strong></span> <span class='ocrx_word' id='word_1_214' title='bbox 503 3734 679 3821; x_wconf 90' lang='lat' dir='ltr'><strong>avidisque</strong></span> <span class='ocrx_word' id='word_1_215' title='bbox 696 3735 914 3820; x_wconf 90' lang='lat' dir='ltr'><strong>amplexibus</strong></span> <span class='ocrx_word' id='word_1_216' title='bbox 931 3735 1085 3799; x_wconf 91' lang='lat' dir='ltr'><strong>haerent.</strong></span> 
     </span>
     <span class='ocr_line' id='line_1_36' title="bbox 151 3839 1091 3931; baseline -0.003 -26"><span class='ocrx_word' id='word_1_217' title='bbox 151 3839 210 3907; x_wconf 90' lang='grc' dir='ltr'><strong>Τιι</strong></span> <span class='ocrx_word' id='word_1_218' title='bbox 225 3860 362 3931; x_wconf 81' lang='lat' dir='ltr'><strong>quoque</strong></span> <span class='ocrx_word' id='word_1_219' title='bbox 377 3840 539 3908; x_wconf 88' lang='lat' dir='ltr'><strong>victorem</strong></span> <span class='ocrx_word' id='word_1_220' title='bbox 555 3841 755 3931; x_wconf 89' lang='lat' dir='ltr'><strong>complecti,</strong></span> <span class='ocrx_word' id='word_1_221' title='bbox 771 3841 941 3920; x_wconf 86' lang='lat' dir='ltr'><strong>barbara,</strong></span> <span class='ocrx_word' id='word_1_222' title='bbox 953 3843 1091 3907; x_wconf 63' lang='lat' dir='ltr'><strong>vellesa</strong></span> 
     </span>
    </p>
   </div>
   <div class='ocr_carea' id='block_1_2' title="bbox 0 0 1250 4208">
    <p class='ocr_par' dir='ltr' id='par_1_18' title="bbox 0 0 1250 4208">
     <span class='ocr_line' id='line_1_37' title="bbox 0 0 1250 4208; baseline 0 3"><span class='ocrx_word' id='word_1_223' title='bbox 0 0 1250 4208; x_wconf 95' lang='lat' dir='ltr'><strong> </strong></span> 
     </span>
    </p>
   </div>
  </div>
 </body>
</html>
