2490 4208
100 184 162 250 182
473 184 622 251 Skortar
643 184 779 274 Poems.
1006 199 1156 271 [Trusrra

96 381 219 459 Fama,
237 382 445 468 parentales,
463 381 568 446 sivos
585 402 662 446 mea
679 381 834 468 contigit,
851 380 998 445 umbrae

141 489 185 554 Et
201 491 329 555 suntin
346 490 471 576 Stygio
487 490 631 554 crimina
648 501 763 555 nostra
779 490 865 565 foro,
1006 474 1008 478 ¹

97 597 203 673 Scite,
221 618 354 682 precor,
373 617 514 661 causam
525 617 644 662 —nec
659 619 720 662 vos
738 597 819 660 mihi
836 597 957 661 fallere
974 594 1029 660 sas
1046 606 1150 663 est-

141 703 302 769 Errorem
314 703 446 791 jussae,
464 724 533 767 non
549 703 675 778 scelus,
695 725 770 768 esse
787 703 904 791 fugae.
1116 736 1149 792 90

96 812 260 877 Manibus
277 813 343 879 hoc
359 811 441 878 satis
457 824 528 877 est:
553 813 688 889 advos,
706 813 870 892 studiosa,
888 824 1059 891 revertor,

140 919 296 992 Pectora,
315 920 373 1007 qui
389 919 477 985 vitae
494 919 656 1006 quaeritis
673 933 749 985 acta
765 940 880 987 meae.⁴

90 1027 171 1116 Ja'm
189 1028 270 1092 mihi
288 1028 428 1093 canities
445 1028 552 1113 pulsis
569 1028 765 1094 melioribus
782 1029 881 1095 annis

138 1134 304 1213 Venerat,
323 1136 479 1224 antiquas
496 1138 747 1226 miscueratque
764 1159 895 1216 comas,

94 1241 243 1330 Postque
260 1266 354 1309 meos
370 1255 464 1310 ortus
479 1243 603 1310 Pisaea
620 1246 754 1310 vinctus
769 1246 860 1311 oliva

84 1392 89 1403 ·
139 1349 339 1416 Abstulerat
354 1351 469 1416 decies
486 1351 639 1437 praemia
654 1351 762 1417 victor
778 1372 901 1439 equus,

67 1488 69 1492 ¹
94 1455 185 1522 Cum
204 1458 307 1523 maris
323 1451 452 1523 Euxini
467 1458 595 1544 positos
612 1459 656 1523 ad
672 1459 772 1524 laeva
786 1458 944 1525 Tomitas

141 1562 319 1649 Quaerere
335 1586 390 1630 me
407 1564 491 1630 laesi
508 1564 671 1650 principis
687 1565 738 1630 ira
750 1565 859 1652 jubet.

94 1669 210 1736 Causa
227 1691 326 1735 meae
342 1670 473 1737 cunetis
490 1671 633 1736 nimium
650 1692 785 1760 quoque
802 1682 882 1738 nota
898 1672 1022 1741 ruinae

139 1777 273 1843 Indicio
289 1799 358 1842 non
375 1788 426 1843 est
440 1777 653 1843 testificanda
670 1800 760 1844 meo.
1099 1815 1146 1854 100

95 1881 190 1968 Quid
206 1885 352 1949 referam
368 1885 598 1970 comitumque
615 1885 711 1950 nefas
728 1884 943 1972 famulosque
959 1887 1145 1954 nocentes?

138 1990 219 2076 Ipsa
236 1992 343 2055 multa
357 1991 419 2056 tuli
435 2012 504 2055 nou
522 1989 650 2055 leviora
666 1991 760 2080 fuga.

93 2096 279 2186 Indignata
295 2098 394 2162 malis
410 2119 508 2162 mens
524 2108 575 2162 est
590 2099 826 2175 succumbere,
845 2119 951 2186 seque

138 2203 309 2269 Praestitit
324 2204 486 2268 invictam
503 2204 632 2269 viribus
647 2225 711 2270 usa
727 2205 809 2270 suis.

94 2309 297 2397 Oblitusque
313 2310 381 2375 mei
398 2310 588 2397 ductaeque
604 2332 667 2396 per
681 2311 750 2376 otia
766 2312 870 2389 vitae,

138 2418 280 2483 lnsolita
296 2416 374 2502 cepi
388 2417 551 2502 temporis
567 2438 663 2482 arma
680 2438 799 2482 manu.

59 2596 63 2603 ,
91 2522 227 2611 Totque
237 2524 303 2589 tuli
320 2545 421 2589 casus
436 2525 630 2612 pelagoque
646 2535 816 2612 terraque,
835 2536 917 2612 quot
932 2523 1024 2592 inter

138 2628 321 2695 Occultum
337 2631 456 2695 stellae
472 2631 763 2716 conspicuumque
778 2632 906 2718 polum.

92 2735 203 2801 Tacta
219 2736 302 2800 mihi
318 2737 456 2801 tandem
472 2736 586 2823 longis
603 2737 774 2801 erroribus
791 2748 867 2802 acto

131 2842 257 2929 Juncta
269 2843 477 2928 'pharetratis
494 2842 662 2908 Sarmatis
678 2863 739 2908 ora
755 2841 865 2909 Getis.
1076 2826 1138 2919 ¹110

92 2948 161 3014 Hic
177 2971 244 3038 ego
260 2950 411 3015 finitimis
425 2951 584 3037 quamvis
600 2950 833 3015 circumsoner
848 2950 966 3030 armis,

135 3056 276 3134 Tristia,
294 3079 361 3143 quo
378 3079 531 3143 possum,
550 3056 701 3122 carmine
717 3056 787 3121 fata
802 3056 892 3123 levo.

92 3162 197 3249 Quod
213 3164 370 3251 quamvis
386 3186 488 3230 nemo
504 3174 567 3240 est,
586 3163 683 3252 cujus
699 3164 864 3229 referatur
880 3165 924 3232 ad
941 3187 1059 3246 aures,

136 3271 195 3336 Sic
210 3282 326 3337 tamen
343 3272 486 3337 absumo
503 3271 703 3357 decipioque
720 3272 823 3337 diem.

91 3377 185 3464 Ergo
202 3380 292 3465 quod
308 3379 398 3451 vivo,
417 3379 578 3465 durisque
594 3379 768 3444 laboribus
784 3381 894 3457 obsto,
1094 3417 1137 3471 1¹5

135 3484 213 3551 Nec
230 3508 284 3551 me
301 3480 465 3552 sollicitae
481 3487 593 3553 taedia
610 3488 696 3554 lucis
713 3489 854 3564 habent,

90 3592 222 3670 Gratia,
242 3594 358 3671 Musa,
376 3596 457 3671 tibi;
481 3591 562 3661 nam
579 3607 614 3662 tu
632 3599 759 3664 solacia
776 3599 934 3684 praebeo,

133 3701 190 3765 Tu
207 3724 310 3767 curae
325 3704 473 3790 requies,
491 3714 527 3768 tu
544 3704 715 3769 medicina
731 3704 848 3778 venis;

88 3808 143 3875 Tu
161 3810 233 3875 dux
249 3821 282 3877 et
298 3832 413 3877 comes
429 3831 487 3887 es3
511 3822 546 3876 tu
563 3825 625 3876 nos
642 3810 784 3876 abducis
801 3812 844 3876 ab
861 3811 994 3891 Histro,

120 3917 162 3984 In
182 3920 375 4012 medioque
390 3919 479 3989 mihi
495 3917 889 3988 dasllelicouelocum.
1035 3984 1039 3989 ,
1093 3954 1139 3993 m
