2490 4208
93 166 271 281 X111,398.]
322 190 421 280 Ajax
444 191 536 281 slays
558 193 706 279 himself
719 197 756 260 in
790 192 922 272 Wrath.
999 274 1001 281 Ι
1079 211 1144 280 129
1197 225 1199 230 v

92 398 166 452 este
183 387 249 453 mei
267 388 456 455 memoresl
483 401 541 454 aut
557 391 585 456 si
602 390 685 454 mihi
701 413 770 456 non
788 390 875 455 datis
892 411 1001 466 arma,
1091 406 1144 472 380

93 495 177 559 huic
193 495 270 560 date
284 494 367 558 1’-
378 507 411 561 et
426 497 573 562 ostendit
589 497 726 583 signum
743 497 847 561 fatale
864 494 1058 559 Minervae.

138 601 238 666 Mota
255 623 377 667 manus
394 623 575 687 procerum
592 616 654 678 est,
673 614 706 667 et
722 603 803 689 quid
821 603 982 667 facundia
998 612 1126 687 posset,

91 729 129 772 re
147 708 275 793 patuit3
300 708 463 795 sortisque
479 709 542 773 viri
558 708 634 773 tulit
650 729 745 773 arma
762 710 917 775 disertus.

93 813 247 880 Hectora
262 814 321 900 qui
338 816 443 890 solus,
462 813 521 901 qui
538 815 679 891 ferrum,
697 815 877 902 ignesque,
891 813 1083 900 Jovemque

92 919 252 985 sustinuit
266 921 401 997 totiens,
421 941 525 986 unam
542 942 611 985 non
628 921 770 986 sustinet
785 921 892 984 iram:
1092 937 1142 1005 385

91 1026 326 1114 invictumque
342 1027 452 1093 virum
470 1027 574 1092 vincit
591 1028 698 1093 dolor.
747 1026 879 1112 Arripit
895 1047 1025 1100 ensem,

92 1144 126 1198 et
144 1143 154 1173 ⁴
170 1132 273 1198 Meus
287 1134 342 1198 hic
355 1145 445 1199 certe
458 1145 520 1199 est.
563 1133 627 1206 An
640 1145 673 1199 et
689 1134 782 1198 hunc
797 1133 861 1198 sibi
877 1132 986 1218 poscit
998 1129 1145 1199 Ulixes?
1223 1213 1224 1216 Ἴ

92 1240 183 1304 hoc’
200 1241 247 1305 ait
264 1242 452 1306 ‘utendum
470 1240 571 1306 estin
589 1261 643 1306 me
660 1240 766 1315 mihi;
790 1239 917 1326 quique
933 1259 1053 1304 cruore

92 1368 198 1431 saepe
215 1346 397 1435 Phrygum
415 1348 556 1422 maduit,
576 1346 705 1413 domini
721 1367 816 1411 nunc
831 1346 937 1410 caede
956 1343 1120 1421 madebit,

91 1475 138 1519 ne
155 1453 336 1541 quisquam
352 1453 498 1543 Ajacem
516 1454 623 1540 possit
638 1474 813 1539 superare,
832 1452 897 1517 nisi
913 1450 1031 1539 Ajax.'
1093 1483 1145 1538 390

92 1561 193 1637 dixit,
213 1572 246 1626 et
261 1560 296 1625 in
312 1573 431 1647 pectus
447 1572 519 1627 tum
535 1562 675 1626 demum
690 1560 833 1624 vulnera
850 1579 991 1645 passum

91 1688 163 1754 qua
179 1666 286 1753 patuit
301 1669 441 1744 ferrum,
459 1668 595 1733 letalem
613 1666 764 1732 condidit
780 1688 911 1732 ensem.

91 1793 161 1839 nec
175 1774 314 1839 valuere
331 1795 454 1840 manus
467 1772 612 1839 infixum
629 1774 775 1839 educere
792 1773 918 1839 telum:

92 1879 227 1965 expulit
242 1879 315 1964 ipse
332 1901 451 1954 cruor3
476 1881 720 1966 rubefactaque
737 1880 907 1967 sanguine
923 1879 1025 1946 tellus

92 2007 305 2074 purpureum
320 1986 420 2052 viridi
437 1987 556 2074 genuit
572 1988 614 2052 de
630 1987 758 2073 cespite
774 1987 907 2064 florem,
1092 2018 1143 2076 395

92 2092 155 2180 qui
170 2092 264 2178 prius
281 2092 426 2160 Oebalio
443 2094 553 2159 suerat
569 2096 612 2160 de
627 2097 770 2159 vulnere
786 2107 895 2160 natus.

93 2201 206 2265 littera
222 2202 413 2266 communis
429 2201 550 2266 mediis
567 2222 740 2287 pueroque
758 2201 897 2288 viroque

93 2305 259 2392 inscripta
276 2316 326 2371 est
341 2305 451 2373 soliis:
477 2309 564 2374 haec
580 2307 740 2386 nominis,
759 2308 818 2373 illa
834 2308 1020 2397 querellae.
