2490 4208
60 195 115 253 lv.
135 195 213 268 792]
492 178 565 245 He
586 177 704 245 Fasti.
1051 191 1117 266 157

58 372 140 442 Nee
154 384 274 441 noceat
289 375 448 441 turbasse
460 376 577 441 lacus:
603 376 780 462 ignoscite,
797 375 981 464 nymphae,

106 480 207 546 Mota
223 482 317 567 quod
330 482 491 547 obscuras
507 482 640 568 ungula
648 483 740 564 seuit
754 504 877 569 aquas.

66 585 134 663 Tu,
151 588 228 663 deo,
240 593 312 674 pro
328 588 783 673 uobisfhntesfontanaque
793 589 902 675 placa

104 691 285 772 Numina,·
310 701 348 757 tu
364 699 504 779 sparsos
515 700 586 780 per
601 714 719 758 nemas
735 715 833 758 omne
849 696 940 760 deos.
1034 712 1117 779 ⁶7⁶0
1212 686 1215 691 ⁵

58 797 139 867 Nec
154 800 320 886 dryadas,
337 820 399 863 nee
415 821 477 863 uos
493 800 671 864 videamus
688 800 790 864 labra
806 800 963 876 Dianae,

104 904 185 972 Neo
199 905 375 982 Faunmn,
394 906 505 969 medei>
522 927 596 970 cum
609 908 745 992 premit
759 928 848 971 arva
864 907 935 970 die.-

58 1010 158 1078 Pelle
175 1013 308 1100 procul
318 1013 472 1077 morbos:
498 1012 641 1076 valeant
658 1012 877 1099 motionesque
888 1030 1101 1100 gregesque,

104 1117 158 1183 Et
171 1119 312 1184 valeant
326 1120 462 1206 vagitas,
475 1117 633 1206 proauita
649 1118 767 1193 turba,
786 1133 903 1183 canes,

59 1222 159 1290 Neue
173 1228 287 1291 nunus
300 1227 424 1291 multos
438 1226 597 1311 redigam
614 1244 717 1308 quam
733 1226 1008 1308 manefueruut‚
1064 1240 1115 1311 765

105 1329 207 1397 Neve
217 1353 354 1419 gemam
371 1334 526 1418 referens
541 1329 675 1395 vellera
692 1336 799 1415 rapta
815 1331 910 1417 lupo.

59 1435 163 1504 Absit
178 1439 299 1525 insana
305 1445 444 1528 fames:
467 1436 820 1521 berbaefrondesque
834 1438 1022 1523 supersita,

105 1543 276 1632 Quaeque
291 1546 408 1609 lavent
424 1554 535 1626 artus,
551 1563 707 1631 quaeque
724 1543 901 1619 bibantur,
919 1563 1045 1629 aquae.

44 1634 186 1718 ‘Ubera
195 1652 305 1737 pleno
315 1658 496 1739 mamam:
522 1653 657 1733 referat
672 1648 763 1713 mibi
775 1670 892 1714 caseus
908 1671 1011 1724 aera,-

105 1756 269 1843 Dentque
283 1759 376 1823 viam
392 1757 524 1844 liquido
540 1758 673 1822 asinina
690 1777 778 1820 rara
794 1776 886 1819 sero.
1063 1780 1116 1838 770

59 1861 234 1948 Lunaque
248 1865 439 1951 proveniat
453 1863 568 1929 nullas
585 1862 725 1928 laesura
734 1862 889 1950 puellm,

105 1969 226 2034 Mollis
242 1977 276 2034 et
290 1969 339 2034 ad
351 1978 488 2035 teneras
505 1970 691 2057 quamlibet
707 1976 792 2057 apta
808 1990 944 2034 manus.

59 2073 164 2160 „Quae
173 2082 317 2162 precor,
336 2077 514 2156 eveniant;
540 2085 573 2141 ot
587 2076 835 2161 nosfaeiamus
850 2075 1044 2140 adanorum
1064 2105 1114 2165 775

104 2181 291 2247 Pastorum
307 2183 466 2247 dominae
475 2183 635 2270 grandia
651 2182 722 2246 libo
738 2180 834 2247 Pali.

62 2286 128 2352 His
144 2288 208 2353 dea
225 2288 397 2375 placanda
412 2300 463 2354 est
472 2311 486 2367 3
507 2290 595 2354 haee
610 2299 646 2355 tu
662 2306 848 2355 conversus
866 2289 911 2355 ad
927 2299 1021 2356 onus
1113 2319 1115 2323 ·

105 2394 172 2459 Dic
188 2406 318 2481 quater,
336 2405 370 2461 et
384 2395 462 2461 vivo
478 2396 596 2482 perlue
613 2418 688 2461 rore
707 2417 841 2462 manus

59 2499 151 2565 Tum
168 2499 247 2565 licet
264 2501 435 2587 adposita,
448 2502 551 2567 vetuti
569 2514 713 2579 cratere,
732 2503 895 2581 camella,

103 2606 180 2672 Lac
196 2607 332 2672 niveum
349 2619 444 2694 potes
461 2630 737 2696 purpureamque
753 2631 896 2698 sapam-3
1063 2630 1117 2700 780

60 2712 213 2800 Moxque
230 2735 291 2800 per
307 2717 465 2780 ardentes
481 2716 625 2802 stipulae
641 2717 848 2803 crepitantes
865 2741 1008 2788 acervos

103 2819 261 2885 Traicias
278 2821 380 2886 celeri
397 2833 537 2887 strenua
551 2823 705 2888 membra
722 2826 825 2910 pede.

60 2924 243 3012 Expositus
260 2949 333 2993 mos
349 2938 424 3000 ests.
444 2928 548 2995 moris
565 2929 648 2994 mihi
666 2943 772 2999 restat
787 2935 901 3023 origo·
1031 3010 1033 3015 ¹

102 3031 222 3098 Turba
238 3033 319 3100 facit
334 3034 492 3111 dubium,
507 3049 697 3126 coeptaque
716 3055 830 3108 nostra
847 3053 951 3111 tenet·

59 3138 185 3205 Omnia
202 3151 326 3227 purgat
342 3141 431 3205 edax
449 3141 552 3229 ignis,
572 3146 759 3234 vitiumque
778 3150 928 3216 metallis·
1041 3144 1043 3149 Α
1062 3171 1114 3240 785

101 3244 293 3333 Excoquit:
317 3246 444 3313 idcirco
462 3272 542 3315 cum
560 3253 648 3320 duce
665 3268 790 3342 purgat
805 3255 902 3321 ovis?

58 3349 129 3426 An,
147 3351 228 3438 quia
244 3363 442 3421 cunctarum
462 3360 631 3426 contraria
650 3361 782 3426 semina
798 3378 912 3428 rerum

101 3455 191 3522 Sunt
206 3458 274 3525 duo
290 3460 479 3541 discordes,
499 3466 591 3554 ignis
608 3478 641 3532 et
657 3468 763 3543 unda,
782 3468 850 3545 dei,

52 3562 246 3649 Junxerunt
262 3567 431 3636 elementa
448 3584 575 3658 patres,
594 3584 778 3660 aptumque
795 3586 956 3661 putarunt

101 3669 246 3757 Ignibus
262 3686 296 3741 et
311 3698 431 3762 sparsa
447 3690 590 3766 tangere
607 3700 730 3764 corpus
747 3680 859 3767 aqua?
1058 3708 1110 3771 790

55 3774 126 3852 An,
144 3781 238 3865 quod
253 3781 289 3847 in
305 3783 359 3849 his
375 3784 465 3849 vitae
481 3804 587 3850 eausa
603 3797 665 3865 est,
682 3786 769 3850 haec
784 3788 931 3872 perdidit
947 3789 1060 3866 exsul,

101 3884 168 3954 His
185 3910 273 3955 nova
288 3891 327 3954 tit
341 3891 504 3979 conjunx,
523 3893 612 3961 haec
628 3895 700 3963 duo
719 3917 855 3989 magna
869 3896 1015 3989 putanti
