2490 4208
105 195 150 283 84
404 197 475 263 The
503 197 720 285 Calydonr‘an
742 197 859 265 Huni.
1010 216 1160 289 [Murra.

104 413 170 459 nec
186 413 303 458 mora:
328 393 410 460 dum
427 394 547 471 saevit,
567 396 648 461 dum
666 417 808 482 corpora
825 405 939 462 versat
954 394 991 462 in
1006 398 1143 476 orbern,

106 499 371 587 stridentemque
387 523 477 566 novo
493 522 652 586 spumam
669 523 747 566 curn
765 492 935 589 sanguine
951 502 1074 579 fundit,
1131 516 1133 521 ’

105 605 255 671 vulneris
272 617 390 672 auctor
407 608 515 684 adest,
535 609 735 693 hostemque
751 608 859 672 irritat
876 608 920 671 ad
936 607 1037 684 iram,

106 712 353 800 splendidaque
370 714 532 778 adversos
549 714 719 778 venabula
737 713 852 779 condit
868 713 902 777 in
920 734 1048 779 armos.

105 818 233 906 gaudia
249 829 414 884 testantur
430 819 512 884 socii
530 821 679 884 clamore
696 819 861 896 secundo,
1106 853 1162 906 4²0

105 923 346 1010 victricemque
362 935 481 1010 petunt
497 926 637 990 dextrae
655 925 865 1013 conjungere
882 927 1052 991 dextram.

105 1029 360 1116 immanemque
376 1031 486 1096 serum
504 1032 609 1095 multa
626 1031 746 1096 tellure
758 1031 932 1118 jacentem

106 1136 268 1202 mirantes
284 1148 458 1222 spectant3
483 1159 594 1223 neque
612 1138 725 1203 adhuc
741 1137 943 1256 contingere
958 1149 1068 1204 tutum

105 1262 180 1308 esse
197 1252 330 1328 putant,
348 1243 409 1308 sed
424 1244 492 1307 tela
508 1254 622 1309 tamen
639 1264 701 1308 sua
718 1242 863 1330 quisque
881 1255 1048 1308 cruentat.

105 1348 177 1435 ipse
194 1348 455 1459 pede1mposito
473 1361 575 1470 caput
590 1349 762 1416 exitiabile
779 1352 915 1435 pressit,
1104 1384 1159 1439 425

105 1468 206 1544 atque
222 1456 290 1521 ita.
313 1425 446 1522 ‘Sume
463 1456 529 1520 mei
547 1455 708 1542 spolium,
726 1453 947 1531 Nonacria,
933 1432 1048 1543 juris)

104 1562 190 1628 dixit
207 1574 262 1628 ‘et
278 1562 313 1643 in
329 1573 460 1649 partem
477 1562 592 1628 veniat
608 1583 684 1626 mea
702 1562 812 1649 gloria
829 1561 968 1627 tecum)

104 1669 258 1755 protinus
274 1670 430 1745 exuvias,
448 1668 572 1790 rigidis
584 1669 756 1734 horrentia
772 1670 875 1734 saetis

103 1785 203 1897 terga
218 1777 289 1850 dat,
308 1786 341 1842 et
356 1776 493 1867 magnis
510 1775 660 1879 insignia
675 1775 834 1841 dentibus
849 1796 923 1841 ora.
1021 1842 1024 1851 ,

149 1847 206 1948 Illi
220 1856 368 1949 laetitiae
385 1894 435 1950 est
451 1904 528 1949 cum
547 1882 688 1947 niunere
706 1854 856 1947 muneris
873 1893 1011 1957 auctor;
1105 1916 1162 1970 430

103 1956 258 2056 invidere
274 1990 345 2067 alii,
363 2000 499 2076 totoque
516 2000 588 2054 erat
604 1988 744 2076 agmine
760 2009 928 2053 murmur.

103 2098 262 2185 equibus
278 2098 408 2186 ingenti
425 2099 602 2163 tendentes
617 2096 782 2163 bracchia
798 2117 883 2162 voce

105 2204 222 2270 ‘Pone
240 2226 320 2291 age,
338 2225 403 2269 nec
419 2204 531 2269 titulos
548 2202 725 2289 intercipe,
744 2203 885 2279 femina,
903 2202 1054 2269 nostros’

101 2310 313 2376 Thestiadae
329 2310 495 2386 clamant,
515 2320 651 2375 ‘necte
668 2310 796 2375 fiducia
812 2309 944 2375 formae

103 2416 264 2502 decipiat,
282 2436 326 2481 ne
342 2416 385 2481 sit
400 2417 504 2502 longe
520 2415 579 2481 tibi
596 2428 716 2501 captus
733 2434 850 2481 amore
1101 2447 1157 2503 435

103 2534 220 2589 auctor
230 2523 258 2585 ἐ
284 2532 317 2587 et
333 2522 414 2601 huic
429 2522 583 2587 adimunt
599 2542 737 2597 munus,
750 2521 807 2609 jus
824 2521 975 2589 muneris
990 2522 1053 2587 illi.

102 2651 171 2695 non
187 2630 274 2705 tulit,
292 2641 326 2694 et
340 2628 470 2694 tumida
487 2628 648 2694 frendens
665 2627 880 2694 Mavortius'
872 2651 936 2706 rra,

104 2735 271 2835 ‘Discite,
278 2748 441 2820 raptores
458 2734 578 2799 alieni’
594 2733 680 2800 dixit
697 2746 706 2775 6
720 2735 871 2811 honoria,

103 2841 191 2907 lacta
200 2806 310 2907 lninis
326 2828 492 2928 quantum
509 2840 672 2915 distent3'
688 2841 868 2927 hausitque
885 2841 1036 2908 nefando

102 2960 240 3032 pectora
257 2946 431 3033 Plexippi,
449 2946 497 3011 nil
513 2948 580 3012 tale
597 2946 763 3023 timentia,
783 2948 883 3013 ferro.
1101 2982 1156 3035 440

18 3058 29 3093 ·'
102 3052 236 3129 Toxea,
256 3054 335 3139 quid
353 3052 626 3129 taciatdubium‚
645 3055 838 3141 pariterque
853 3056 1025 3122 volentem

102 3160 221 3224 ulcisci
238 3161 376 3225 sratrem
393 3160 611 3245 fraternaque
626 3159 696 3225 sata
712 3161 900 3234 timentem,

103 3267 196 3332 haud
213 3267 337 3352 patitur
353 3267 508 3332 dubitare
526 3266 597 3341 diu,
616 3266 834 3354 calidumque
852 3267 956 3353 priori

104 3373 210 3438 caede
226 3373 399 3438 recalfecit
414 3372 561 3437 consorti
579 3372 747 3458 sanguine
764 3374 882 3438 telum.

148 3479 249 3544 Dona
266 3480 368 3544 deum
384 3480 533 3565 templis,
552 3489 633 3543 nato
648 3478 788 3554 victore,
807 3480 949 3555 serebat,
1102 3514 1154 3569 445

104 3607 181 3651 cum
198 3585 290 3651 videt
307 3586 489 3651 exstinctos
506 3586 626 3650 fratres
644 3583 792 3649 Althaea
809 3587 939 3651 referri.

103 3714 191 3779 quae
207 3694 374 3780 plangore
391 3693 471 3757 dato
487 3692 626 3756 maestis
642 3691 849 3756 clamoribus
866 3693 986 3757 urbem

102 3800 234 3883 implet,
253 3810 285 3862 et
301 3799 426 3863 auratis
444 3799 585 3863 mutavit
601 3798 752 3862 vestibus
769 3809 871 3863 atras.

86 3914 127 3967 at
137 3904 247 3969 simul
262 3915 315 3971 est
330 3896 452 3972 auctor
469 3904 566 3972 ne'cis
583 3903 710 3982 editus,
728 3902 856 3969 excidit
868 3905 981 3971 omnis
