2490 4208
76 249 258 321 v111.483.]
425 230 497 298 The
518 228 634 298 Fatal
650 229 793 298 Brund.
1088 227 1130 310 85

76 429 204 506 luctus,
222 438 256 493 et
271 447 292 493 a
307 426 457 494 lacrimis
475 427 509 513 in
526 447 659 514 poenae
675 447 795 491 versus
813 445 966 489 amorem
984 431 1046 488 est.
1078 454 1132 509 450

22 518 114 647 s
125 534 240 620 Stipes
255 543 339 611 erat,
357 520 570 622 quem,s‘cum
587 545 704 619 partus
721 533 824 598 enixa
837 532 968 620 jaceret

75 630 307 721 Thestiaslin
323 639 498 705 flammam
516 640 667 725 triplices
684 659 829 724 posuere
846 658 1001 712 sorores3

77 745 294 834 staminaque
310 745 477 833 impresso
493 746 610 811 satalia
627 745 752 831 pollice
769 755 889 810 nentes

79 852 299 938 ‘Tempora’
316 853 475 918 dixerunt
492 853 637 918 ‘eadem
653 852 818 939 lignoque
835 851 975 938 tibique,

79 958 114 1024 Ο
132 959 233 1024 modo
249 969 340 1035 nate,
359 959 506 1024 damus!
553 957 635 1042 Quo
652 968 833 1043 postquam
850 957 1002 1024 carmine
1019 955 1110 1022 dicto

79 1085 263 1131 excessere
279 1065 378 1142 deae,
395 1064 600 1153 flagrantem
618 1055 726 1128 mater
743 1064 786 1129 ab
803 1064 885 1153 igne

79 1170 205 1256 eripuit
218 1181 357 1248 torrem,
375 1171 566 1256 sparsitque
583 1170 790 1255 liquentibus
806 1171 918 1237 undis.

59 1240 141 1369 Glle
156 1275 214 1342 diu
231 1277 341 1342 suerat
357 1277 587 1363 penetralibus
606 1275 740 1343 abditus
755 1276 845 1353 imis,

80 1394 306 1470 servatusque
320 1393 408 1459 tuos,
422 1382 573 1470 juvenis,
591 1394 787 1448 servaverat
802 1404 924 1449 annos.
937 1402 949 1447 s

81 1488 221 1576 protulit
236 1489 329 1554 hunc
343 1487 505 1577 genitrix,
524 1489 709 1576 taedasque
726 1500 759 1554 et
775 1490 947 1578 fragmina
964 1489 1045 1575 poni
1080 1504 1135 1570 460'

80 1596 240 1680 imperat,
259 1605 293 1660 et
307 1593 425 1681 positis
440 1594 597 1660 inimicos
614 1596 773 1661 admovet
787 1595 900 1682 ignes.

128 1697 220 1763 Tum
238 1709 360 1763 conata
376 1708 496 1784 quater
512 1697 660 1764 flammis
677 1698 854 1784 imponere
870 1719 1020 1773 ramum,

81 1814 204 1891 coepta
220 1815 340 1892 quater
356 1804 475 1869 tenuit.
524 1803 687 1893 Pugnant
703 1816 879 1891 materque
896 1825 1071 1892 sororque,

82 1922 117 1978 et
133 1899 267 1976 diversa
282 1911 421 1975 trahunt
435 1928 542 1985 unum
559 1912 627 1978 duo
643 1911 783 1977 nomina
799 1922 932 1998 pectus.

82 2037 190 2103 saepe
206 2027 297 2082 metu
312 2016 452 2107 sceleris
469 2017 644 2103 pallebant
659 2039 719 2083 ora
735 2017 860 2093 suturi3
1083 2033 1135 2104 465

82 2144 190 2210 saepe
206 2144 305 2189 suum
320 2123 457 2189 fervens
474 2124 582 2190 oculis
599 2125 702 2190 dabat
717 2124 768 2189 ira
784 2125 955 2191 ruborem.

82 2241 117 2297 et
134 2229 235 2296 modo
251 2228 368 2295 nescio
383 2229 466 2316 quid
483 2229 602 2295 similis
618 2230 757 2297 crudele
775 2230 917 2296 minanti

81 2335 198 2402 vultus
214 2345 298 2411 erat,
317 2335 419 2401 modo
434 2356 537 2422 quern
554 2336 707 2402 misereri
724 2337 865 2402 credere
882 2358 1021 2424 possem

81 2461 232 2528 cumque
248 2440 340 2507 serus
355 2439 516 2507 lacrimas
533 2442 638 2507 animi
659 2443 848 2508 siccaverat
864 2444 978 2519 ardor,

81 2548 345 2616 inveniebantur
360 2548 524 2615 lacrimae
539 2559 668 2614 tamen.
717 2549 832 2636 thue
849 2551 980 2626 carina,
1083 2582 1137 2636 470

82 2676 189 2746 quam
204 2665 339 2731 ventus,
355 2665 525 2742 ventoque
540 2655 629 2740 rapit
645 2655 833 2721 contrarius
850 2666 976 2732 aestus,

82 2765 154 2832 vim
170 2762 347 2852 geminam
363 2761 476 2838 sentit,
494 2772 658 2848 paretque
672 2761 803 2827 incerta
821 2762 953 2827 duobus
963 2796 1009 2810 -

81 2871 246 2939 Thestias
262 2869 356 2935 haud
372 2868 469 2935 aliter
484 2868 595 2933 dubiis
612 2867 791 2932 affectibus
808 2879 910 2944 errat,

83 2978 188 3065 inque
204 2977 298 3042 vices
313 2974 421 3062 ponit,
433 2960 653 3062 'positamque
671 2974 849 3039 resuscitat
864 2975 964 3039 iram.

130 3082 256 3169 Incipit
270 3102 345 3148 esse
362 3093 477 3147 tamen
494 3082 614 3147 melior
629 3101 797 3169 germana
814 3090 967 3166 parente,
1077 3112 1080 3117 ·

83 3201 119 3258 et
135 3187 412 3277 consanguineas
426 3197 464 3252 ut
479 3187 649 3275 sanguine
666 3187 771 3253 leniat
788 3188 940 3263 umbras,

84 3297 258 3383 impietate
275 3294 332 3381 pia
349 3304 420 3360 est:
444 3314 524 3358 nam
541 3307 722 3381 postquam
740 3293 879 3379 pestifer
895 3293 986 3380 ignis

84 3399 273 3478 convaluit,
292 3400 439 3488 ‘Rogus
453 3399 518 3466 iste
534 3412 663 3465 cremet
679 3421 756 3466 mea
773 3400 925 3466 viscera'
941 3400 1046 3476 dixit3

84 3521 190 3598 utque
207 3528 313 3573 manu
329 3507 403 3573 dira
419 3504 552 3594 lig'num
569 3505 672 3571 fatale
689 3508 839 3583 tenebat,

85 3627 167 3684 ante
182 3614 393 3701 sepulcrales
409 3611 529 3676 infelix
545 3611 671 3676 adstitit
688 3633 778 3689 aras,
1085 3632 1139 3696 480

86 3718 327 3790 ‘Poenarum’
341 3739 408 3806 que
426 3719 534 3783 ‘deae
550 3717 713 3802 triplices,
732 3719 936 3796 furialibus,’
953 3719 1061 3807 inquit
1139 3736 1145 3749 ·

87 3824 339 3900 ‘Eumenides
357 3823 464 3890 sacris
480 3822 593 3919 uultus
609 3824 778 3894 advertite
795 3838 946 3895 vestros.

85 3935 245 4006 uluscon
258 3929 416 4014 fidoque
428 3929 551 3996 netas:
574 3954 674 4004 mors
692 3949 810 4008 morte
829 3939 974 4031 pianda
990 3947 1065 4003 est.
