2490 4208
85 160 131 261 48
355 156 503 224 Perseus
526 158 600 223 ond
619 156 859 224 Andromeda.
891 124 896 134 Ι
993 177 1136 249 [Meron.

87 356 253 442 eripuisse
270 364 372 440 caput
388 356 497 429 collo;
523 355 713 442 pennisque
730 355 892 442 fugacem
1085 374 1136 441 785

86 463 247 550 Pegason
264 473 297 525 et
313 461 464 536 fratrem,
485 462 600 525 matris
618 463 660 525 de
678 463 848 548 sanguine
865 474 975 529 natos.

88 568 217 634 addidit
233 578 266 632 et
281 568 375 654 longi
393 589 461 631 non
473 567 565 631 salsa
582 567 735 652 pericula
751 589 891 659 cursus:

87 697 175 763 quae
192 675 290 749 freta,
308 694 394 759 quas
409 684 516 737 terras
533 674 596 736 sub
613 695 650 737 se
665 673 807 738 vidisset
823 676 866 738 ab
883 676 965 752 alt0,

87 793 121 847 et
136 801 224 867 quae
237 779 372 868 jactatis
388 779 554 866 tetigisset
569 778 682 844 sidera
698 780 833 864 pennis.

88 899 166 952 ante
183 897 417 971 exspectatum
434 885 540 950 tacuit
555 896 683 949 tamen.
732 885 871 970 Excipit
886 909 976 952 unus
1085 916 1138 975 790

87 1016 132 1059 ex
149 1015 291 1076 numero
308 1013 503 1077 procerum,
521 1012 704 1077 quaerens,
723 1013 784 1055 cur
801 994 875 1057 sola
891 1016 1046 1060 sororum

87 1098 233 1188 gesserit
249 1098 386 1162 alternis
402 1097 563 1162 inmixtos
581 1098 731 1164 crinibus
748 1119 894 1186 angues.

134 1205 271 1289 Hospes
288 1206 345 1280 ait,
367 1202 566 1286 ‘Quoniam
583 1204 714 1268 scitaris
731 1205 837 1291 digna
855 1208 976 1284 relatu,
1032 1283 1033 1287 Ἰ

87 1312 206 1397 accipe
222 1310 367 1398 quaesiti
384 1331 539 1375 causam.
588 1309 790 1375 Clarissima
807 1312 917 1378 forma

87 1420 338 1504 multorumque
355 1417 416 1482 suit
433 1439 511 1502 spes
528 1417 695 1482 invidiosa
713 1438 894 1502 procorum
1087 1450 1139 1508 795

86 1526 166 1601 illa3
191 1525 306 1590 necin
323 1536 391 1589 tota
409 1525 622 1609 conspectior
637 1525 708 1588 ulla
725 1525 859 1609 capillis

87 1654 167 1719 pars
183 1632 256 1696 suit.
305 1630 440 1707 Inveni,
458 1631 516 1717 qui
533 1630 712 1696 sevidisse
729 1630 881 1697 referret.

87 1741 178 1803 hanc
194 1738 310 1826 pelagi
328 1748 438 1819 rector
454 1738 582 1822 templo
598 1737 736 1802 vitiasse
755 1736 934 1804 Minervae

88 1846 222 1911 dicitur.
270 1843 405 1909 Aversa
422 1855 473 1909 est
489 1854 522 1908 et
538 1854 649 1909 castos
667 1843 789 1931 aegide
806 1845 920 1909 vultus

87 1946 276 2039 nata'Jovis
292 1951 395 2026 texit3
420 1971 507 2016 neve
524 1951 590 2016 hoc
606 1950 746 2035 impune
762 1950 893 2027 fuisset,
1086 1971 1140 2025 800

88 2058 312 2147 Gorgoneum
329 2058 459 2123 crinem
476 2069 592 2142 turpes
610 2057 751 2121 mutavit
766 2057 801 2120 in
819 2057 959 2144 hydros.

87 2186 180 2255 nunc
196 2187 344 2253 quoque,
361 2177 399 2230 ut
415 2164 571 2229 attonitos
588 2163 769 2230 formidine
785 2174 910 2229 terreat
925 2166 1052 2241 hostes,

87 2285 225 2361 pectore
240 2273 276 2338 iu
294 2273 437 2338 adverso
453 2293 539 2358 quos
554 2271 647 2350 fecit,
666 2270 808 2338 sustinet
823 2272 981 2360 angues)
