2490 4208
92 189 158 258 126
313 192 468 279 Rivalry
490 194 539 279 (γ’
551 191 652 280 Ajax
673 194 748 259 and
773 190 924 279 Ulysses.
993 208 1141 282 [Maru.

89 388 167 477 quis
183 386 267 454 fuit?
290 401 341 455 est
357 388 488 455 Hector
503 389 649 455 violatus
664 390 807 454 vulnere
824 389 932 454 nullo.

137 507 146 536 ⁴
163 495 224 560 Me
240 496 403 561 miserum
417 495 426 559 l
450 508 578 582 quanto
594 518 701 582 cogor
718 495 914 560 meminisse
931 494 1051 561 dolore
1092 512 1143 566 280

90 603 253 688 temporis
269 603 374 678 illius,
392 625 460 688 quo
477 602 623 667 Graium
640 624 771 677 murus,
788 600 946 667 Achilles

91 708 292 796 procubuit!
317 730 384 774 nec
398 731 454 774 me
471 710 635 774 lacrimae
651 708 805 773 luctusve
822 708 966 773 timorve

90 817 280 892 tardarunt,
299 816 382 902 quin
398 837 522 901 eorpus
538 816 643 880 humo
659 815 806 881 sublime
821 815 999 880 referrem.

91 923 145 989 his
162 924 327 999 humeris,
340 924 408 998 his,
422 923 575 1009 inquam,
591 921 742 987 humeris
754 944 822 1010 ego
836 943 961 1007 corpus
976 920 1139 996 Achillis,

91 1041 125 1096 et
140 1030 242 1096 simul
259 1052 357 1095 arma
371 1031 446 1105 tuli,
466 1051 554 1116 quae
570 1051 663 1094 nunc
677 1051 815 1116 quoque
831 1029 920 1093 ferre
936 1028 1070 1093 laboro.
1092 1044 1140 1113 285

137 1135 250 1202 ‘Sunt
266 1138 362 1213 mihi,
380 1158 470 1224 quae
486 1137 624 1201 valeant
638 1136 674 1199 in
691 1136 772 1199 talia
789 1135 956 1220 pondera,
972 1135 1087 1209 vires,

91 1254 142 1307 est
159 1244 292 1308 animus
308 1258 401 1308 certe
415 1254 547 1308 vestros
563 1263 725 1307 sensurus
741 1242 901 1307 honores·

91 1349 221 1413 scilicet
236 1350 364 1415 idcirco
381 1371 442 1434 pro
458 1363 563 1437 gnato
580 1349 719 1414 caerula
736 1360 846 1413 mater

91 1455 272 1521 ambitiosa
288 1478 350 1521 suo
367 1456 441 1531 fuit,
460 1468 496 1521 ut
512 1455 674 1520 caelestia
691 1455 794 1530 dona,

92 1563 173 1626 artis
189 1584 275 1647 opus
291 1575 418 1638 tantae,
437 1562 531 1627 rudis
547 1574 582 1626 et
596 1562 671 1626 sine
686 1574 824 1646 pectore
840 1561 939 1627 miles
1092 1594 1144 1649 290

91 1668 269 1733 indueret?
292 1691 405 1756 neque
421 1669 512 1734 enim
530 1669 632 1753 clipei
649 1668 843 1733 caelamina
859 1669 959 1745 norit,

92 1773 272 1839 Oceanum
288 1788 322 1841 et
336 1787 459 1850 terras,
477 1796 624 1860 cumque
641 1775 710 1839 alto
726 1775 839 1839 sidera
856 1775 967 1850 caelu,

91 1878 332 1967 Pleiadasque,
374 1881 601 1968 Hyadesque,
642 1880 899 1967 immunemque
938 1881 1100 1968 aequoris

225 1986 371 2063 Arcton,

93 2092 313 2180 diversasque
329 2096 445 2170 urbes,
463 2094 676 2182 nitidumque
692 2094 830 2160 Orionis
846 2115 977 2160 ensem.

92 2200 240 2285 postulat
254 2211 292 2264 ut
307 2201 421 2285 capiat
435 2223 524 2287 quae
541 2223 611 2267 non
627 2201 795 2288 intellegit
808 2222 919 2266 arma.
1092 2232 1142 2290 ²95

139 2316 148 2345 ⁴
165 2305 260 2393 Quid
277 2307 367 2392 quod
383 2329 451 2382 me,
470 2308 546 2372 duri
562 2307 750 2394 fugientem
766 2329 910 2372 munera
925 2306 1020 2383 belli,

93 2412 208 2499 arguit
221 2411 381 2496 incoepto
397 2434 511 2477 serum
529 2413 717 2478 accessisse
733 2413 855 2489 labori,

92 2538 158 2583 nec
174 2538 211 2582 se
228 2518 452 2604 magnanimo
468 2519 676 2584 maledicere
692 2519 794 2585 sentit
809 2517 963 2585 Achilli?

92 2624 122 2689 si
138 2624 317 2689 simulasse
333 2646 438 2690 vocas
454 2625 597 2701 crimen,
615 2625 854 2691 simulavimus
869 2626 995 2701 ambo;

94 2727 121 2793 si
139 2748 235 2792 mora
251 2749 313 2812 pro
330 2729 432 2813 culpa
449 2739 514 2803 est,
530 2750 598 2816 ego
614 2750 692 2793 sum
709 2730 872 2795 maturior
888 2730 960 2795 illo.
1092 2760 1141 2815 30⁰

93 2854 149 2897 me
165 2833 222 2917 pia
237 2833 381 2898 detinuit
397 2836 561 2922 conjunx,
579 2835 637 2919 pia
653 2848 762 2900 mater
776 2834 950 2901 Achillem
964 2856 974 2910 ς

92 2939 273 3025 primaque
289 2952 368 3004 sunt
382 2940 450 3006 illis
467 2941 545 3005 data
561 2953 728 3025 tempora,
747 2956 861 3007 cetera
876 2943 988 3008 vobis.

2 3120 11 3135 .
93 3045 188 3110 haud
203 3045 320 3119 timeo,
338 3045 367 3109 si
379 3046 452 3133 jam
470 3068 604 3131 nequeo
617 3047 804 3114 defendere
819 3050 951 3114 crimen

93 3171 172 3216 cum
188 3162 282 3216 tanto
299 3173 481 3217 commune
496 3153 582 3217 viro.
631 3153 832 3238 Deprensus
848 3154 963 3219 Ulixis

93 3257 234 3345 ingenio
250 3269 365 3323 tamen
382 3259 452 3333 ille,
471 3270 506 3324 at
522 3281 589 3324 non
607 3259 726 3346 Ajacis
742 3261 877 3326 Ulixes.
1092 3288 1137 3346 305

140 3363 264 3429 ‘Neve
280 3365 317 3427 in
333 3386 388 3430 me
403 3365 546 3430 stolidae
563 3366 717 3430 convicia
734 3367 877 3431 fundere
893 3366 1035 3453 linguae

95 3470 304 3535 admiremur
320 3492 411 3546 eum,
430 3472 527 3536 vobis
543 3493 679 3558 quoque
696 3473 803 3559 digna
820 3474 950 3557 pudore

93 3575 208 3641 obicit.
257 3575 316 3641 An
332 3576 418 3642 falso
434 3576 645 3642 Palameden
661 3578 804 3643 crimine
819 3591 917 3663 turpe

94 3699 276 3745 accusasse
293 3680 389 3756 mihi,
407 3680 505 3746 vobis
520 3682 704 3746 damnasse
721 3682 883 3747 decorum
900 3681 972 3747 est?

93 3786 156 3852 sed
171 3808 283 3874 neque
299 3786 514 3872 Naupliades
530 3787 664 3852 facinus
680 3788 864 3854 defendere
880 3800 1013 3853 tantum
1091 3820 1139 3874 310

81 3900 225 3981 tamque
236 3906 367 3981 patens
383 3894 506 3981 valuit,
519 3915 587 3962 uec
601 3916 665 3962 vos
679 3895 823 3961 audistis
835 3895 875 3959 iu
887 3896 947 3959 illo
