2490 4208
103 187 167 275 158
392 187 463 253 The
485 181 681 275 Foundr'ng
700 189 748 275 of
760 187 884 254 Ranae.
1030 207 1145 280 [risu.

100 386 172 452 Vix
187 382 347 473 equidem
362 384 487 449 credo:
512 394 591 449 sunt
605 384 664 471 qui
681 384 898 450 Phaethonta
915 384 1037 451 referri

145 492 310 567 Credant,
331 502 364 556 et
380 490 504 555 nimias
520 490 745 555 Deucalionis
762 512 882 577 aquas.

100 599 186 664 Pars
201 618 349 684 quoque,
368 617 447 661 cum
464 596 558 661 saxis
575 608 728 682 pastores
745 617 831 661 saxa
847 597 1007 676 scribant,
1103 625 1145 686 795

145 704 337 770 Scintillam
356 703 466 767 subito
483 703 680 786 prosiluisse
697 694 830 767 ferunt}

61 843 65 850 ·
99 810 215 876 Prima
232 809 371 896 quidem
387 809 499 893 periit,
518 808 647 892 stipulis
664 819 809 893 excepta
827 810 981 875 secunda
997 821 1061 877 est.

145 915 223 981 Hoc
239 926 480 1002 argumentum
498 914 637 978 flamma
654 914 778 980 Parilis
795 914 920 980 habet?

73 1032 76 1039 '
98 1020 156 1086 An
174 1022 285 1109 magis
303 1021 394 1085 hunc
411 1041 541 1085 morem
559 1021 667 1105 pietas
683 1019 818 1085 Aeneia
836 1022 928 1098 lecit,

144 1127 334 1193 Innocuum
350 1127 440 1191 victo
457 1127 512 1190 cui
529 1127 621 1191 dedit
637 1127 728 1214 ignis
745 1126 829 1193 iter?
1104 1149 1148 1202 800
1177 1196 1181 1203 ,

98 1232 192 1298 Num
210 1244 325 1298 tamen
342 1244 392 1298 est
407 1238 489 1297 vero
506 1233 657 1317 propius,
677 1254 756 1298 cum
773 1234 911 1299 condita
927 1235 1045 1301 Roma
1062 1247 1122 1312 est,

143 1338 338 1403 Transferri
352 1338 464 1426 jussos
481 1338 515 1401 in
532 1359 621 1402 nova
639 1349 726 1402 tecta
743 1337 867 1415 LareS,
1137 1322 1143 1334 Κ

98 1443 341 1530 Mutantesque
357 1444 497 1509 domum
514 1443 609 1508 tectis
626 1445 818 1531 agrestibus
834 1446 966 1534 ignem,

143 1550 188 1615 Et
204 1563 398 1615 cessaturae
416 1551 636 1636 supposuisse
653 1571 768 1627 casae,

97 1656 165 1722 Per
181 1656 337 1721 flammas
355 1658 497 1722 saluisse
514 1678 634 1742 pecus,
652 1659 797 1725 saluisse
813 1659 977 1728 colonos?
1107 1658 1163 1752 805'

144 1760 249 1848 Quod
264 1764 302 1827 fit
317 1763 421 1827 natali
439 1785 531 1828 nunc
546 1786 696 1851 quoque,
715 1765 847 1843 Roma,
861 1778 932 1833 tuo.

98 1867 177 1958 Ipse
194 1869 289 1935 locus
305 1891 428 1935 causas
443 1868 512 1935 vati
529 1871 620 1935 facit.
671 1872 775 1937 Urbis
791 1873 889 1961 origo

141 1975 266 2043 Venitz
291 1977 374 2044 ades
389 1976 500 2056 factis,
519 1999 645 2068 magne
663 1978 823 2066 Quirine,
841 1981 929 2050 tuisl
997 2015 1002 2020 ·

241 2342 244 2347 ,
327 2289 377 2368 '2.
410 2302 482 2369 The
502 2301 698 2392 Foundr‘ng
717 2304 766 2392 eff
777 2305 901 2372 Rome.

94 2515 218 2662 JAM
234 2516 345 2582 luerat
360 2538 489 2603 poenas
506 2517 610 2583 frater
625 2517 829 2596 Numitoris,
848 2530 882 2585 et
897 2542 1000 2589 omne

86 2704 91 2711 ,
187 2624 367 2690 Pastorum
385 2625 524 2711 gemino
541 2625 604 2689 sub
621 2625 709 2690 duce
724 2628 848 2714 volgus
866 2639 950 2693 erat.
1103 2650 1152 2704 810

96 2729 310 2797 Contrahere
326 2720 530 2819 agrestes'et
546 2732 681 2796 moenia
697 2754 825 2816 ponere
841 2734 976 2821 utrique

140 2837 331 2903 Convenit:
355 2837 552 2924 ambigitur,
572 2838 707 2902 moenia
725 2842 830 2922 ponat
844 2850 932 2904 uter.

1 2986 4 2991 ·
96 2942 174 3008 ‘Nil
190 2966 276 3030 opus
293 2944 362 3008 est'
378 2944 464 3009 dixit
479 2930 705 3008 ‘certamine'
728 2944 900 3011 Romulus
915 2946 1026 3012 ‘ullor

139 3049 273 3137 Magna
289 3050 375 3114 fides
393 3049 506 3113 avium
524 3061 575 3114 est
585 3071 595 3123 3
621 3051 840 3134 experiamur
856 3053 963 3118 aves.’

93 3152 166 3221 Res
184 3158 315 3241 placet:
341 3156 427 3220 alter
442 3156 512 3220 adit
528 3157 698 3220 nemorosi
714 3178 799 3220 saxa
817 3157 949 3232 Palati;
1096 3181 1142 3246 315

138 3261 235 3327 Alter
251 3261 460 3326 Aventinum
477 3283 580 3325 mane
595 3283 762 3327 cacumen
780 3264 849 3328 i'nit.

93 3371 165 3436 Sex
181 3369 327 3445 Remus,
346 3369 403 3433 hic
417 3369 574 3432 volucres
589 3368 641 3432 bis
659 3391 720 3432 sex
735 3370 828 3433 videt
843 3371 983 3446 ordine3
1008 3383 1110 3457 pacto

137 3475 265 3550 Statur,
285 3486 317 3539 et
334 3474 508 3540 arbitrium
525 3473 696 3540 Romulus
712 3476 805 3540 urbis
823 3477 936 3541 habet.

90 3581 183 3668 Apta
200 3582 273 3647 dies
289 3581 426 3669 legitur,
444 3601 512 3667 qua
529 3581 663 3645 moenia
681 3583 794 3668 signet
809 3594 932 3649 aratro.

136 3689 245 3756 Sacra
261 3689 354 3754 Palis
372 3690 552 3761 suberant3
579 3689 657 3752 inde
676 3702 830 3754 movetur
845 3713 951 3776 opus:
1096 3712 1143 3764 820

90 3781 199 3863 Fossa
215 3798 253 3861 fit
269 3796 312 3860 ad
330 3796 474 3860 solidum
488 3817 497 3869 3
523 3796 641 3882 fruges
653 3795 827 3882 jaciuntur
842 3796 878 3860 in
894 3797 976 3873 ima,

122 3903 170 3970 Et
184 3904 231 3972 de
248 3903 364 3973 vicino
381 3915 473 3972 terra
489 3902 598 3993 petita
612 3902 701 3969 solo.
