2490 4208
460 177 611 246 Shorter
632 176 768 244 Poems.
986 192 1138 265 [auom

472 492 539 559 III.
585 492 758 559 Auoans.

142 692 212 744 Tne
223 690 346 744 Amores
356 686 466 742 consist
478 684 512 739 of
519 685 596 740 three
604 685 695 740 books
708 684 742 739 ol
749 685 830 740 short
839 702 948 756 poems,
957 703 1028 756 very
1036 684 1137 738 miseel-

88 778 205 832 laneous
220 778 249 829 in
267 777 341 830 their
359 774 492 844 subjects‚
511 772 696 839 sentimental,
709 773 887 842 voluptuous,
902 773 1136 840 complimentary,

88 882 122 920 or
139 864 276 933 personal
314 863 411 916 Those
432 861 499 914 here
519 861 602 931 given
621 859 693 912 have
706 877 724 913 a
742 859 847 928 special
867 859 994 924 interest,
1017 875 1049 911 as
1067 859 1137 910 illus·

88 952 193 1021 trating
203 951 251 1004 the
263 950 354 1019 poet's
365 946 465 1002 earlier
476 945 639 1015 aspiratiom
652 943 709 998 and
725 944 774 998 the
791 959 868 998 more
879 943 986 1014 playfial
997 941 1135 1012 aspectos

88 1038 133 1091 his
145 1053 236 1091 verse.

291 1261 323 1306 1.
355 1241 427 1308 ne
448 1241 538 1307 Poet
559 1241 609 1326 of
619 1239 775 1306 Idleness
801 1238 843 1328 (i.
864 1239 942 1326 15).

173 1449 261 1516 UID
285 1449 383 1524 mihi,
399 1447 507 1514 Livor
522 1447 626 1524 edax,
643 1446 791 1535 ignavos
806 1444 915 1512 obicis
931 1467 1056 1523 annos,

219 1556 423 1643 Ingeniique
439 1577 544 1621 vocas
561 1576 701 1620 carmen
717 1553 836 1618 inertis
851 1551 963 1639 opus?

89 1659 172 1726 Non
188 1682 244 1725 me
260 1681 355 1725 more
369 1671 518 1744 patrum,
536 1659 619 1725 dum
635 1670 774 1724 strenua
790 1657 934 1723 sustinet
949 1668 1046 1722 aetas

135 1767 294 1832 Praemia
309 1766 450 1830 militiae
466 1765 705 1852 pulverulenta
720 1764 832 1851 sequi,

88 1871 168 1938 Nec
183 1895 238 1939 me
253 1874 416 1938 verbosas
432 1873 529 1959 leges
546 1871 713 1947 ediscere,
732 1892 798 1936 nec
814 1891 870 1936 me
1116 1896 1127 1952 5

135 1979 275 2066 Ingrato
290 2000 412 2044 vocem
428 1977 638 2064 prostituisse
654 1978 741 2043 soro.

89 2085 237 2150 Mortale
254 2096 318 2161 est,
335 2085 427 2171 quod
442 2084 592 2170 quaeris,
610 2105 719 2168 opus:
744 2084 829 2148 mihi
847 2084 942 2148 sama
957 2080 1110 2169 perennis

135 2192 334 2278 Quaeritur,
352 2192 388 2256 in
402 2201 473 2256 toto
491 2211 627 2275 semper
642 2201 680 2256 ut
694 2192 912 2256 orbe-canat.

88 2298 193 2363 Vivet
207 2297 426 2372 Maeonides,
442 2296 605 2362 Tenedos
621 2297 705 2361 dum
722 2297 824 2362 stabit
838 2309 873 2360 et
888 2296 965 2373 Ide,

135 2406 228 2470 Dum
244 2405 382 2490 rapidas
398 2402 525 2468 Simois
541 2404 577 2467 in
593 2424 689 2468 mare
705 2404 820 2468 volvet
835 2425 958 2489 aquas.
1099 2430 1122 2469 ιο

89 2510 193 2576 Vivet
207 2522 241 2576 et
255 2510 443 2584 Ascraeus,
461 2511 543 2574 dum
560 2510 681 2575 mustis
696 2531 764 2575 uva
780 2510 937 2587 tumebit,

134 2617 228 2682 Dum
245 2618 344 2682 cadet
359 2617 501 2680 incurva
518 2616 607 2680 falce
622 2629 754 2681 resecta
770 2615 892 2683 Ceres.

89 2722 264 2789 Battiades
280 2744 416 2808 semper
433 2733 501 2787 toto
517 2722 709 2788 cantabitur
725 2725 829 2788 orbe:

135 2829 304 2919 Quamvis
320 2829 461 2916 ingenio
476 2850 545 2893 non
561 2830 665 2905 valet,
684 2844 757 2896 arte
771 2832 876 2897 valet.

89 2937 196 3002 Nulla
213 2935 408 3021 Sophocleo
424 2935 538 3000 veniet
550 2936 685 3023 jactura
703 2939 890 3014 cothurn03
1096 2956 1120 3014 ις

133 3042 224 3108 Cum
241 3043 312 3106 sole
329 3053 363 3106 et
377 3041 458 3104 luna
475 3062 612 3127 semper
626 3041 756 3108 Aratus
771 3045 846 3109 erit.

89 3150 181 3214 Dum
199 3149 307 3212 fallax
323 3169 454 3223 servus,
473 3149 579 3215 durus
596 3165 706 3236 pater,
723 3151 880 3235 improba
895 3152 977 3217 lena
993 3224 997 3229 ¹

133 3254 261 3319 Vivent
276 3266 309 3319 et
324 3257 484 3320 meretrix
501 3258 643 3331 blanda,
661 3256 874 3322 Menandros
891 3258 966 3322 erit.

89 3361 222 3426 Ennius
239 3373 309 3425 arte
326 3383 447 3428 carens
466 3364 679 3449 animosique
692 3359 821 3427 Accius
832 3364 901 3427 oris

134 3466 305 3532 Casurum
322 3470 418 3535 nullo
434 3482 588 3553 tempore
603 3489 729 3533 nomen
746 3469 883 3533 habent.
1095 3489 1120 3528 20

89 3573 281 3638 Varronem
302 3577 515 3661 primamque
533 3586 640 3638 ratem
656 3595 744 3661 quae
761 3574 891 3639 nesciet
907 3585 1015 3651 aetas,

134 3680 322 3769 Aureaque
339 3680 491 3744 Aesonio
507 3691 605 3766 terga
622 3681 726 3765 petita
742 3677 845 3745 duci?

89 3787 257 3854 Carmina
273 3788 429 3854 sublimis
445 3798 527 3850 tunc
543 3798 623 3850 sunt
637 3785 788 3870 peritura
804 3784 960 3864 Lucreti,

124 3893 246 3962 Exitio
264 3904 375 3960 terras
391 3912 473 3958 cum
489 3888 587 3958 dabit
597 3909 672 3955 uua
684 3889 773 3954 dies.
