2490 4208
81 197 125 269 24
174 146 176 151 ⁴
283 201 322 247 11.
363 181 433 249 The
455 181 660 249 Adventare
683 181 731 266 (ff
744 179 937 247 Phaethon.
986 195 1130 269 [Meris.

80 379 237 467 quamvis
254 380 370 445 tardus
388 401 477 456 eras,
497 391 529 445 et
544 391 576 445 te
593 374 820 463 tuaiplaustra
835 378 1009 442 tenebant.
1063 424 1065 429 -
1135 418 1139 423 -

126 486 175 550 Ut
189 507 271 550 vero
288 508 422 551 summo
439 486 596 570 despexit
611 487 655 549 ab
672 470 809 550 assere
826 495 934 548 terras

80 591 200 656 infelix
218 592 409 668 Phaethon,
429 594 563 678 penitus
581 591 783 677 penitusque
795 590 963 678 jacentes,

80 699 214 789 pa⁶lluit‚
233 711 265 764 et
281 700 391 764 subito
408 720 522 786 genua
540 699 743 761 intremuere
760 697 892 771 timore,
1083 714 1132 767 180

81 815 226 890 suntque
243 806 351 870 oculis
367 806 528 869 tenebrae
545 826 607 889 per
622 814 753 868 tantum
769 803 887 867 lumen
903 804 1056 868 obortae.

82 921 114 974 et
126 910 199 997 jam
215 912 333 975 mallet
349 932 454 997 equos
471 932 659 998 numquam
674 909 827 997 tetigisse
844 920 1024 994 paternos;

77 1015 150 1103 jam
168 1038 335 1104 cognosse
352 1039 464 1106 genus
479 1017 638 1104 piget,.et
653 1017 801 1081 valuisse
817 1017 994 1102 rogando:

78 1122 151 1210 jam
167 1122 321 1208 Meropis
338 1123 404 1188 dici
422 1123 576 1211 cupiens,
595 1123 641 1187 ita
657 1123 773 1198 fertur,
792 1133 829 1186 ut
844 1134 921 1187 acta

81 1228 260 1315 praecipiti
285 1231 385 1315 pinus
401 1232 519 1305 borea,
537 1231 592 1294 cui
608 1229 697 1294 victa
714 1229 843 1293 remisit
1082 1248 1130 1317 185

81 1335 178 1401 frena
195 1358 276 1400 suus
293 1348 414 1412 rector,
432 1357 536 1422 quam
553 1337 605 1400 dis
621 1335 775 1421 votisque
791 1335 938 1422 reliquit.

64 1404 223 1532 VQid
240 1443 363 1508 saciat?
388 1445 529 1506 multum
548 1443 633 1507 caeli
651 1453 726 1527 post
741 1452 839 1530 terga
855 1443 1023 1520 relictum,

81 1560 160 1614 ante
177 1551 294 1638 oculos
311 1551 388 1634 plus
405 1561 475 1615 est:
501 1550 615 1614 animo
634 1549 767 1613 metitur
784 1560 977 1636 utrumque.

81 1667 115 1721 et
131 1657 232 1721 modo
248 1678 334 1741 quos
350 1656 398 1720 iili
416 1659 522 1720 satum
539 1657 738 1741 contingere
756 1677 823 1720 non
841 1668 904 1731 est,

81 1762 244 1847 prospicit
259 1783 414 1838 occasuS,
434 1763 602 1827 interdum
619 1762 756 1847 respicit
771 1773 876 1827 ortus.
1081 1795 1132 1850 190

81 1868 231 1954 quidque
248 1879 342 1955 agat,
360 1868 501 1955 ignarus
518 1880 642 1953 stupet,
661 1879 694 1933 et
710 1890 774 1933 nec
790 1869 887 1934 frena
904 1869 1053 1965 remittit,
1165 1931 1170 1938 .

81 1995 147 2038 nec
163 1975 307 2039 retinere
325 1960 430 2050 valet,¹
445 1995 510 2039 nec
526 1975 667 2039 nomina
683 1975 777 2041 novit
792 1970 971 2062 equorum.

81 2101 202 2166 sparsa
218 2103 353 2168 quoqne
370 2081 404 2145 in
421 2080 516 2146 vario
533 2083 661 2167 passim
679 2083 844 2148 miracula
862 2083 958 2148 caelo

80 2197 323 2273 vastarumque
339 2187 431 2251 videt
446 2188 597 2273 trepidus
615 2189 798 2254 simulacra
815 2189 978 2252 serarum.

126 2291 189 2357 Est
205 2293 312 2368 locus,
331 2291 366 2356 in
384 2293 541 2379 geminos
558 2293 615 2358 ubi
632 2292 775 2357 brachia
793 2304 961 2357 concavat
976 2300 1145 2391 arcusffl'v

81 2397 257 2484 Scorpios
275 2397 309 2463 et'
325 2399 435 2463 cauda
451 2399 618 2487 flexisque
634 2399 804 2485 utrimque
822 2399 958 2464 lacertis

81 2508 224 2596 porrigit
240 2511 273 2572 in
290 2509 437 2593 spatium
454 2509 630 2595 signorum
648 2508 801 2572 membra
818 2508 974 2572 duorum.
1032 2529 1035 2535 ’

81 2614 174 2679 hunc
190 2637 275 2699 puer
291 2626 327 2679 ut
343 2615 432 2702 nigri
449 2616 624 2681 madidum
642 2616 765 2680 sudore
781 2614 906 2679 veneni

80 2721 224 2785 vulnera
242 2732 381 2785 curvata
400 2722 612 2786 minitantem
629 2721 771 2806 cuspide
787 2721 882 2797 vidit,

81 2828 204 2892 mentis
220 2827 319 2912 inops
336 2828 452 2914 gelida
468 2828 648 2893 formidine
665 2828 738 2892 lora
754 2828 895 2893 remisit.
1079 2861 1133 2900 200

81 2955 169 3021 quae
186 2945 364 3020 postquam
382 2956 516 2999 summo
532 2934 673 3021 tetigere
687 2934 837 3022 jacentia
853 2945 963 3022 tergo,

81 3041 316 3125 exspatiantur
332 3039 423 3124 equi,
441 3041 602 3126 nulloque
619 3041 794 3106 inhibente
811 3062 872 3126 per
889 3063 991 3107 auras
1087 3094 1090 3099 .
1156 3048 1158 3053 '

80 3144 220 3233 ignotae
236 3148 385 3234 regionis
403 3157 495 3221 eunt,
513 3168 649 3233 quaque
665 3147 812 3232 impetus
829 3149 910 3235 egit,

81 3254 148 3319 hac
165 3255 236 3318 sine
253 3256 331 3340 lege
348 3265 469 3328 ruunt;
495 3255 631 3339 altoque
648 3254 711 3319 sub
728 3255 864 3319 aethere
881 3255 960 3319 fixis

80 3357 256 3424 incursant
272 3361 390 3441 stellis,
408 3359 613 3445 rapiuntque
630 3381 691 3444 per
708 3360 784 3425 avia
801 3326 995 3442 currum]
1080 3393 1130 3449 205

81 3476 115 3531 et
132 3468 232 3530 modo
248 3452 381 3531 summa
398 3477 527 3551 petunt,
548 3467 649 3531 modo
665 3488 726 3551 per
742 3468 874 3532 declive
889 3468 1031 3556 viasque

80 3574 284 3658 praecrpites
301 3572 410 3657 spatio
426 3584 536 3637 terrae
553 3573 711 3658 propiore
727 3574 891 3638 seruntur.

80 3678 288 3764 inferiusque
306 3680 376 3765 suis
392 3679 558 3744 fraternos
575 3700 712 3744 currere
729 3679 832 3745 Luna

81 3784 267 3853 admiratur
283 3807 401 3871 equos
420 3787 646 3871 ambustaque
661 3787 778 3850 nubila
796 3787 939 3853 sumant.

7 3872 85 3891 ’Μ
113 3889 313 3976 Corrrpitur
325 3892 479 3959 flammis
496 3903 533 3958 ut
548 3913 706 3981 quaeque
722 3893 900 3971 altissima,
917 3895 1032 3975 tellus,
1078 3926 1151 3977 210.
