2490 4208
109 164 133 216 1.
162 163 236 235 147.]
473 141 509 209 T
502 143 545 208 he
566 141 668 209 Four
690 142 799 231 Ager.

106 342 170 408 sub
183 341 271 428 Jove
288 342 436 407 mundus
453 351 538 418 erat,
557 340 659 406 subiit
675 349 844 428 argentea
861 341 989 426 prolem

107 470 191 514 auro
208 447 366 524 deterior,
384 447 478 513 fulvo
495 447 673 533 pretiosior
690 468 782 512 aere.

101 555 260 642 Juppiter
276 554 404 642 antiqui
422 553 590 619 contraxit
605 566 758 639 tempora
775 554 878 630 veris,

106 682 236 748 perque
253 661 383 726 hiemes
401 673 582 747 aestusque
599 672 632 725 et
648 660 847 747 inaequales
864 672 1046 727 autumnos

106 781 140 834 et
153 769 258 833 breve
273 788 335 832 ver
350 768 468 853 spatiis
484 768 602 854 exegit
616 778 774 853 quattuor
790 788 931 832 annum.

106 888 176 940 tum
196 874 344 960 primum
361 874 462 940 siccis
478 880 537 939 aer
554 874 743 939 fervoribus
759 886 855 938 ustus

106 981 259 1057 canduit,
278 991 311 1046 et
327 981 435 1046 ventis
453 981 584 1069 glacies
602 981 760 1045 adstricta
776 981 950 1066 pependit.
1110 1014 1160 1071 129

104 1101 175 1154 tum
194 1087 342 1173 primum
359 1086 494 1153 subiere
510 1087 652 1152 domus:
677 1087 800 1152 doinus
817 1099 913 1152 antra
931 1089 1067 1154 fuerunt

105 1207 139 1260 et
155 1194 253 1259 densi
270 1194 407 1260 frutices
424 1205 457 1259 et
472 1194 607 1258 vinctae
624 1194 748 1259 cortice
764 1193 897 1280 virgae.

105 1302 239 1367 semina
255 1312 326 1365 tum
343 1300 491 1387 primum
506 1299 619 1388 longis
632 1299 790 1366 Cerealia
807 1301 911 1366 sulcis

105 1410 227 1474 obruta
245 1419 335 1484 sunt,
353 1408 530 1495 pressique
543 1407 629 1496 jugo
647 1429 810 1494 gemuere
823 1407 975 1496 juvenci.

151 1515 269 1580 Tertia
286 1527 362 1601 post
378 1515 455 1580 illas
471 1514 634 1579 successit
650 1520 757 1578 adnea
774 1514 900 1599 proles,
1110 1544 1158 1601 125

105 1622 241 1688 saevior
255 1621 418 1710 ingeniis,
436 1632 470 1687 et
486 1622 529 1686 ad
547 1621 684 1688 horrida
701 1621 887 1707 promptior
904 1642 1011 1698 arma,

105 1751 175 1794 non
192 1728 358 1794 scelerata
374 1711 502 1792 tamen.
514 1727 624 1791 -De
641 1728 726 1793 duro
742 1739 793 1792 est
808 1728 928 1793 ultima
931 1731 1056 1814 ferro.

105 1837 259 1923 protinus
271 1833 398 1922 inrupit
410 1840 519 1899 venae
536 1834 662 1922 pejoris
679 1834 713 1897 in
731 1818 855 1899 aevum

105 1964 208 2009 omne
225 1943 343 2009 nefas:
370 1942 489 2031 fugere
506 1943 617 2029 pudor
632 1964 820 2030 verumque
836 1943 1010 2029 fidesque:

104 2051 141 2115 in
157 2073 303 2138 quorum
319 2050 453 2116 subiere
470 2051 584 2117 locum
600 2049 806 2136 fraudesque
823 2051 960 2137 dolique
1109 2083 1159 2136 130

105 2157 319 2245 insidiaeque
335 2169 369 2224 et
383 2159 435 2224 vis
452 2169 485 2225 et
502 2179 597 2224 amor
614 2159 800 2224 sceleratus
818 2157 977 2223 habendi.

105 2267 183 2332 vela
200 2266 327 2332 dabant
343 2266 465 2343 ventis,
478 2287 599 2331 -nec
614 2267 730 2332 adhuc
745 2266 834 2331 bene
851 2276 993 2332 noverat
1009 2265 1086 2332 illos

104 2374 457 2461 navita,-quaeque
474 2373 532 2438 diu
549 2385 711 2439 steterant
725 2373 760 2438 in
777 2373 948 2439 montibus
965 2373 1054 2450 altis,

104 2479 264 2545 fluctibus
280 2480 406 2568 ignotis
423 2479 628 2545 insultavere
646 2479 796 2545 carinae.

105 2607 393 2673 communemque
409 2586 516 2672 prius,
535 2608 599 2651 ceu
616 2587 746 2651 lumina
763 2586 844 2652 solis
861 2597 893 2653 et
910 2607 1024 2663 auras,
1109 2617 1157 2673 135

106 2704 227 2758 cautus
244 2694 386 2758 humum
403 2694 508 2781 longo
525 2694 674 2781 signavit
690 2693 795 2758 limite
814 2716 960 2758 mensor.

97 2812 172 2865 'nec
188 2810 317 2865 tantum
334 2810 470 2891 segetes
488 2801 718 2887 alimentaque
736 2800 849 2865 debita
867 2801 962 2866 dives

105 2908 310 2993 poscebatur
326 2907 464 2983 humus,
483 2908 544 2972 sed
560 2907 643 2972 itum
660 2918 711 2972 est
727 2906 761 2971 in
777 2907 910 2973 viscera
926 2919 1057 2981 terrae3

105 3035 260 3101 quasque
276 3014 514 3079 recondiderat
531 3013 733 3102 Stygiisque
751 3014 951 3078 admoverat
965 3012 1110 3088 umbris,

105 3120 312 3184 effodiuntur
327 3142 423 3205 opes,
441 3120 656 3185 inritamenta
674 3121 855 3185 malorum.
1109 3150 1159 3202 140

146 3226 295 3313 Jamque
311 3247 439 3291 nocens
455 3227 596 3302 ferrum,
614 3226 771 3313 ferroque
788 3227 965 3291 nocentius
982 3247 1103 3290 aurum

106 3334 298 3419 prodierat3
324 3334 435 3420 prodit
451 3333 601 3408 Bellum,
620 3335 711 3421 quod
728 3345 860 3422 pugnat
875 3345 1032 3420 utroque,

106 3440 368 3529 sanguineaque
384 3462 489 3505 manu
507 3441 706 3526 crepitantia
723 3440 872 3506 concutit
889 3461 997 3505 arma.

105 3547 230 3612 vivitur
246 3569 289 3612 ex
306 3559 423 3633 rapto:
448 3569 517 3612 non
535 3548 659 3632 hospes
677 3548 720 3612 ab
738 3549 869 3633 hospite
886 3558 989 3622 tutus,

107 3675 176 3718 non
193 3676 291 3719 socer
308 3675 328 3718 a
344 3676 494 3742 gener03
520 3655 660 3718 fratrum
678 3676 814 3741 quoque
832 3653 943 3742 gratia
959 3673 1036 3717 rara
1053 3660 1116 3716 est.

107 3761 263 3826 imminet
278 3761 381 3826 exitio
397 3760 449 3825 vir
466 3761 636 3848 conjugis,
655 3761 714 3825 illa
731 3760 863 3838 mariti3

107 3867 220 3934 lurida
234 3867 400 3933 terribiles
415 3867 561 3935 miscent
576 3870 717 3939 aconita
733 3892 937 3947 novercae3
