2490 4208
93 155 153 210 lx.
172 154 242 228 r7u]
320 137 356 206 T
349 138 392 204 he
413 137 589 213 Potioned
609 136 712 205 Stin
734 138 784 224 os
795 137 942 206 Nessus,
1104 157 1146 227 93

91 333 260 400 flemusi'
275 335 342 402 ait:
369 336 507 423 ‘pellex
522 335 673 400 lacrimis
690 334 871 401 laetabitur
885 335 970 400 istis.

92 462 186 528 quac
209 443 372 528 quoniam
397 441 568 518 adveniet,
585 442 855 528 properandum,
873 443 1070 530 aliquidque
1088 466 1148 510 no·

231 550 382 615 vandum
399 561 464 626 est,
1098 580 1146 637 145

94 654 179 720 dum
195 654 287 733 licet,
304 667 339 721 et
353 657 507 742 nondum
523 656 695 724 thalamos
709 665 802 722 tenet
819 657 926 722 altera
942 667 1088 723 nostros.

93 783 301 849 conquerar,
318 784 362 828 an
380 762 523 829 sileam?
546 776 698 850 repetam
716 762 913 851 Calydona,
932 762 1113 829 moresne?

93 869 263 935 excedam
279 868 398 935 tectis?
422 891 480 947 an,
499 870 528 936 si
543 871 629 935 nihil
646 872 806 956 amplius,
824 868 979 935 obstem?

92 975 177 1062 quid
194 976 222 1041 si
239 999 307 1052 me,
325 976 521 1066 Meleagre‚
539 989 632 1043 tuam
650 999 781 1042 memor
797 1000 873 1042 esse
890 999 1042 1042 sororem

93 1082 180 1147 sorte
197 1104 281 1168 paro
298 1083 444 1160 facinus,
462 1097 697 1175 quantumque
713 1084 838 1171 injuria
853 1084 961 1169 possit
1098 1115 1147 1170 150

93 1187 332 1276 femineusque
348 1191 458 1266 dolor,
472 1191 632 1279 jugulata
648 1190 772 1276 pellice
787 1189 930 1256 testor?'

139 1296 304 1363 Incursus
321 1298 455 1363 animus
471 1297 584 1363 varios
600 1297 724 1363 habet:
749 1298 908 1363 omnibus
924 1297 991 1363 illis

93 1406 255 1491 praetulit
269 1406 435 1472 imbutam
451 1405 587 1472 Nesseo
604 1406 774 1494 sanguine
792 1418 922 1471 vestem

94 1515 239 1592 mittere,
258 1536 347 1603 quae
362 1517 453 1582 vires
469 1515 603 1582 desecto
619 1515 740 1581 reddat
756 1514 874 1581 amori.

93 1621 284 1711 ignaroque
301 1623 448 1700 Lichae,
465 1623 547 1710 quid
563 1623 676 1688 tradat
691 1622 822 1699 nescia,
840 1624 952 1688 luctus
1098 1651 1146 1710 155

93 1731 169 1817 ipsa
186 1753 266 1798 suos
283 1732 396 1808 tradit,
414 1731 618 1818 blandisque
635 1730 826 1796 miserrima
842 1731 971 1807 verbis,

93 1839 184 1906 dona
202 1841 260 1906 det
273 1840 332 1905 illa
350 1840 434 1915 viro,
452 1840 602 1907 mandat
651 1838 755 1924 Capit
770 1839 898 1905 inscius
915 1842 1029 1916 heros

92 1946 311 2035 induiturque
328 1949 479 2013 humeris
495 1947 675 2014 Lernaeae
693 1949 787 2013 virus
803 1948 985 2014 echidnae.

136 2055 235 2120 Tura
250 2054 354 2121 dabat
370 2055 488 2141 primis
506 2066 540 2121 et
555 2055 661 2120 verba
678 2057 854 2141 precantia
871 2054 1031 2134 flammis,
1061 2085 1063 2089 ⁴

91 2161 241 2249 vinaque
258 2183 468 2227 marmoreas
485 2175 603 2248 patera
620 2162 784 2228 fundebat
800 2163 835 2226 in
853 2183 953 2228 aras:
1096 2181 1146 2236 160

92 2267 235 2334 incaluit
249 2268 302 2333 vis
318 2268 377 2334 illa
395 2269 489 2345 mali,
508 2269 726 2356 resolutaque
742 2269 892 2336 flammis

93 2373 293 2454 Herculeos,
304 2375 388 2440 abiit
402 2377 470 2451 late
487 2375 612 2442 diffusa
628 2398 690 2461 per
707 2388 812 2441 artus.

93 2482 173 2547 dum
192 2482 311 2568 potuit,
329 2483 428 2549 solita
445 2483 612 2570 gemitum
627 2483 749 2548 virtute
766 2484 948 2569 repressit3

91 2589 181 2655 victa
198 2589 298 2656 malis
314 2600 494 2677 postquam
511 2586 562 2655 est
577 2589 755 2676 patientia,
773 2591 923 2676 reppulit
939 2613 1030 2666 aras,

92 2694 312 2784 implevitque
329 2697 399 2762 suis
416 2718 634 2762 nemorosum
652 2697 794 2762 vocibus
810 2696 934 2762 Oeten.
1095 2715 1144 2787 163

93 2822 156 2868 nec
172 2824 282 2879 mora,
300 2802 467 2868 letiferam
485 2813 627 2869 conatur
645 2803 801 2868 scindere
817 2816 969 2869 vestem:

92 2928 158 2995 qua
173 2909 330 2986 trahitur,
348 2909 451 2975 trahit
466 2909 526 2974 illa
543 2922 669 2984 cutem,
688 2909 896 2996 foedumque
912 2912 1036 2988 relatu,

80 3004 148 3080 ¹aut
163 3015 283 3081 haeret
298 3015 458 3081 membris
476 3015 600 3080 frustra
616 3027 781 3101 temptata
797 3016 929 3094 revelli,

93 3133 148 3187 aut
163 3123 297 3189 laceros
314 3135 405 3189 artus
422 3134 456 3188 et
472 3123 620 3213 grandia
635 3122 762 3211 detegit
778 3143 868 3188 ossa.

92 3225 163 3313 ipse
180 3249 293 3306 cruor,
312 3229 429 3317 gelido
445 3224 517 3321 ceu]
524 3218 699 3316 quondam
717 3229 845 3293 lamina
861 3231 1015 3296 candens
1094 3260 1143 3315 170

91 3335 192 3401 tincta
209 3336 300 3411 lacu,
320 3335 441 3411 stridit,
460 3310 683 3423 coquiturque
701 3337 840 3404 ardente
857 3358 1003 3402 veneno.

131 3441 212 3508 Nec
229 3443 350 3508 modus
362 3453 434 3508 est:
452 3443 591 3508 sorbent
606 3442 733 3509 avidae
746 3443 948 3528 praecordia
963 3443 1138 3522 flammae,

91 3552 335 3637 caeruleusque
352 3551 427 3616 fluit
442 3563 510 3617 toto
527 3551 570 3615 de
587 3571 729 3636 corpore
746 3552 863 3625 sudor,

92 3657 302 3744 ambustique
319 3669 443 3723 sonant
458 3657 568 3732 nervi,
587 3677 760 3743 caecaque
777 3657 937 3722 medullis

90 3765 164 3830 tabe
180 3763 372 3851 liquefactis
387 3764 532 3828 tendens
549 3764 593 3828 ad
611 3763 724 3849 sidera
742 3764 889 3849 palmas,
1091 3756 1138 3851 17ss

92 3869 297 3938 ‘Cladibus’
312 3871 495 3948 exclamat,
517 3858 717 3952 ‘Saturnia
736 3856 885 3962 pascere
899 3871 1052 3940 uostris·⁸
