2490 4208
115 180 159 266 58
415 181 451 248 T
444 181 487 246 lae
516 180 601 248 Tale
624 182 672 268 as
683 179 874 248 Arethusa.
1024 194 1169 269 [Morsu.

115 376 202 443 sicut
218 398 326 454 eram,
345 377 441 465 fugio
458 377 530 444 sine
546 376 718 444 vestibus:
742 377 849 443 altera
864 387 977 442 vestes

115 483 189 568 ripa
206 504 302 549 meas
319 483 457 549 habuit:
482 494 575 549 tanto
593 483 705 571 magis
721 484 837 558 instat,
855 493 888 547 et
904 484 1011 550 ardet.

114 589 165 655 sic
181 611 248 678 ego
264 590 456 665 currebam,
474 589 525 654 sic
542 610 596 655 me
613 589 706 655 ferus
721 589 779 654 ille
796 591 986 674 premebat,

113 706 150 761 ut
167 695 286 783 sugere
304 694 501 781 accipitrem
518 716 633 781 penna
649 695 841 781 trepidante
860 697 1054 777 columbae,
1112 716 1165 788 ⁶05

112 812 150 868 ut
166 802 252 867 solet
267 802 429 888 accipiter
444 801 596 887 trepidas
610 822 761 889 urguere
778 802 968 872 columbas,

20 927 23 933 ’
113 929 222 995 usque
238 908 302 973 sub
319 907 578 983 Orchomenon,
597 903 856 996 Psophidaque,
875 909 1129 999 Cyllenenque,

113 1013 375 1101 Maenaliosque
391 1013 500 1089 sinus,
519 1013 742 1102 gelidumque
759 1015 1010 1104 Erymanthon,
1025 1029 1063 1084 et
1082 1018 1164 1085 Elin

112 1141 250 1186 currere
266 1119 431 1196 sustinui3
455 1140 521 1185 nec
538 1140 594 1185 me
610 1121 761 1187 velocior
776 1123 847 1188 ille.
1163 1194 1166 1201 ,

160 1226 256 1293 ‘Sed
271 1228 417 1293 tolerare
433 1228 492 1306 diu
509 1249 630 1295 cursus
646 1249 727 1318 ego,
744 1229 873 1296 viribus
889 1231 1013 1317 impar,
1110 1249 1165 1303 610

112 1357 180 1400 non
198 1347 373 1421 poteram:
397 1335 493 1424 longi
510 1335 645 1421 patiens
661 1347 734 1401 erat
749 1332 807 1402 ille
823 1337 959 1403 laboris.

111 1463 174 1528 per
188 1453 303 1507 tamen
320 1453 354 1508 et
369 1462 524 1527 campos,
542 1463 605 1528 per
619 1454 756 1529 opertos
772 1444 893 1511 arbore
910 1454 1056 1523 montes,

112 1569 198 1614 saxa
214 1569 350 1637 quoque
367 1559 400 1614 et
415 1571 519 1636 rupes
536 1561 653 1637 etqua
668 1550 724 1615 via
741 1551 851 1627 nulla,
869 1550 1015 1617 cucurri.

111 1657 162 1721 sol
179 1668 288 1722 erata
305 1667 423 1745 tergo:
447 1656 517 1722 vidi
534 1658 742 1742 praecedere
758 1657 899 1746 longam

111 1774 191 1829 ante
208 1763 314 1849 pedes
330 1763 489 1829 umbram
499 1762 619 1829 -nisi
636 1763 665 1829 si
681 1763 782 1829 timor
797 1762 856 1829 illa
871 1763 1065 1830 videbat-
1108 1782 1162 1853 ⁶¹5

111 1870 173 1936 sed
191 1881 282 1935 certe
298 1869 497 1957 sonitusque
514 1871 642 1957 pedum
657 1871 818 1945 terrebat,
835 1881 869 1935 et
884 1870 1009 1960 ingens

110 1977 258 2044 crinales
273 1977 373 2044 vittas
390 1976 541 2043 adflabat
557 1977 727 2042 anhelitus
742 1976 824 2043 oris.

23 2114 35 2135 ·
110 2084 200 2150 fessa
217 2085 335 2151 labore
351 2085 470 2172 fugae,
488 2083 564 2150 Fer
579 2090 690 2171 apem,
708 2084 972 2171 depraedamur,
989 2082 1147 2172 inquam,

108 2195 320 2280 armigerae,
339 2191 533 2278 Dictynna,
552 2200 646 2266 tuae,
664 2192 724 2256 cui
735 2197 839 2278 saepe
853 2191 982 2257 deda'str'

95 2301 207 2384 serre
221 2310 297 2366 tuos
312 2321 416 2365 arcus
431 2299 633 2384 aiaclusaque
648 2298 717 2363 tela
727 2298 916 2385 pharetra.
1107 2315 1162 2370 620

154 2405 276 2472 ‘Mota
291 2407 357 2473 dea
373 2417 436 2483 est,
455 2405 641 2492 spissisque
657 2404 771 2470 ferens
787 2425 807 2470 e
823 2404 971 2471 nubibus
986 2425 1091 2470 unam

108 2534 163 2580 me
180 2535 283 2598 super
299 2512 425 2602 injecit.
475 2511 616 2577 Lustrat
631 2511 922 2599 caligine-tectam

107 2619 231 2695 amnis,
250 2630 283 2686 et
298 2619 442 2708 ignarus
458 2618 587 2684 circum
605 2638 693 2683 cava
708 2617 826 2682 nubila
842 2616 994 2702 quaerit3

106 2725 227 2814 bisque
244 2725 372 2802 locum,
391 2747 460 2812 quo
475 2745 532 2791 me
548 2724 614 2791 dea
630 2733 775 2800 texerat,
792 2723 920 2789 inscius
936 2723 1057 2800 ambit,
1184 2790 1188 2795 ,

105 2843 139 2899 et
154 2833 208 2900 bis
223 2833 266 2898 Io
281 2831 484 2900 Arethusa!
505 2831 548 2898 Io
564 2829 766 2897 Arethusa!
788 2830 935 2895 vocavit.
1104 2847 1159 2918 ⁶25

105 2940 188 3028 quid
205 2939 287 3005 mihi
312 2950 394 3005 tunc
418 2937 524 3004 animi
547 2937 695 3003 miserae
718 2934 802 3001 fuit?
826 2957 915 3002 anne
931 2936 1024 3023 quod
1043 2957 1159 3025 agnae

240 3058 303 3123 est,

105 3155 204 3243 siqua
219 3156 319 3241 lupos
335 3153 430 3220 audit
445 3151 574 3218 circum
591 3152 725 3218 stabula
742 3149 810 3215 alta
826 3147 1031 3216 frementes?

105 3275 163 3328 aut
180 3261 300 3348 lepori,
320 3261 377 3348 qui
393 3281 498 3347 vepre
515 3259 625 3325 latens
641 3257 777 3324 hostilia
793 3256 901 3323 cernit

104 3389 165 3436 ora
183 3389 322 3442 canum,
341 3366 522 3454 nullosque
539 3365 642 3431 audet
656 3364 740 3431 dare
756 3384 899 3449 corpore
916 3359 1050 3429 motus?

150 3473 255 3539 ‘Non
272 3484 387 3538 tamen
404 3472 577 3546 abscedit3
603 3492 714 3559 neque
731 3470 822 3535 enim
838 3469 984 3558 vestigia
1002 3469 1111 3536 cernit

103 3581 242 3669 longius
258 3580 329 3645 ulla
345 3580 493 3666 pedum:
518 3590 631 3644 servat
646 3578 842 3664 nubemque
857 3577 1053 3665 locumque.

103 3698 250 3773 occupat
265 3686 423 3752 obsessos
439 3686 543 3751 sudor
560 3684 643 3749 mihi
657 3684 803 3771 frigidus
821 3696 926 3761 artus,

31 3786 39 3799 ’
103 3794 352 3879 caeruleaeque
369 3793 496 3858 cadunt
511 3803 580 3856 toto
596 3792 639 3856 de
656 3812 798 3877 corpore
815 3803 942 3879 guttae.

83 3917 230 3983 quaque
239 3899 373 3985 pedem
391 3896 500 3979 movi,
520 3907 639 3965 manat
652 3898 766 3976 lacus,
780 3918 869 3987 eque
883 3898 1017 3984 capillis
