2490 4208
96 161 156 217 111.
178 113 220 230 rs,
237 141 291 233 14]
405 144 586 211 Farewell
605 153 649 210 to.
663 142 719 212 the
741 139 867 228 Loves.

94 343 173 409 Nec
188 351 304 405 tamen
320 339 448 428 ignavo
464 349 666 427 stupuerunt
681 337 787 402 verba
803 334 939 422 palato:
965 359 968 364 ·

140 447 315 517 Clamavit
332 430 480 512 moriens
496 447 616 533 lingua
638 443 806 520 Corinna,
824 441 926 506 vale!

94 558 194 625 Colle
212 557 274 622 sub
291 553 411 640 Elysio
427 553 527 640 nigra
544 573 665 615 nemus
682 550 758 614 ilice
776 550 922 626 frondet,

140 664 289 751 Udaque
305 671 470 748 perpetuo
489 660 646 747 gramine
663 671 753 723 terra
770 660 865 723 viret.

95 770 206 858 Siqua
221 771 307 836 fides
323 768 449 843 dubiis,
467 768 645 831 volucrum
663 766 759 831 locus
775 766 833 831 ille
850 767 984 852 piarum

141 877 287 954 Dicitur,
305 877 476 942 obscenae
493 896 561 961 quo
578 873 801 960 prohibentur
818 895 920 941 aves:

96 984 174 1049 Illic
189 984 326 1050 innocui
342 984 410 1048 late
426 993 615 1068 pascuntur
631 983 755 1059 olores,

142 1091 186 1155 Et
200 1091 304 1156 vivax
320 1090 482 1175 phoenix,
502 1091 605 1154 unica
623 1099 759 1176 semper
776 1091 871 1167 avis3

96 1197 259 1283 Explicat
274 1197 349 1283 ipsa
366 1218 446 1262 suas
464 1197 536 1262 ales
548 1197 700 1283 Junonia
716 1198 852 1284 pinnas,

143 1303 270 1369 Oscula
286 1303 345 1369 dat
361 1304 487 1390 cupido
502 1304 632 1369 blanda
650 1304 809 1369 columba
827 1303 923 1368 mari.

95 1409 264 1476 Psittacus
281 1411 344 1476 has
361 1411 449 1477 inter
463 1412 629 1475 nemorali
649 1411 730 1475 sede
747 1421 904 1497 receptus

141 1504 317 1582 Convertit
332 1517 490 1582 volucres
507 1517 542 1580 in
560 1538 623 1581 sua
639 1518 746 1581 verba
762 1516 850 1602 pias·

98 1623 186 1688 Ossa
201 1623 286 1710 tegit
301 1624 466 1699 tumulus,
484 1625 635 1688 tumulus
653 1644 715 1708 pro
733 1643 876 1709 corpore
892 1625 1056 1712 magnus,

142 1728 223 1815 Qio
239 1729 327 1813 lapis
344 1729 492 1817 exiguus
509 1750 572 1814 par
588 1727 655 1793 sibi
669 1749 812 1795 carmen
829 1730 954 1795 habet:
1114 1748 1149 1802 60

105 1834 260 1922 Colligor
275 1857 317 1898 ex
333 1837 408 1922 ipso
425 1837 585 1899 donrz'nae
594 1836 771 1923 placuisse
785 1837 987 1925 sepulchro:

145 1940 337 2028 O'rafrcere
352 1941 534 2030 mz‘lriplus
551 1944 731 2007 avadocta
747 1943 855 2028 loqui.

267 2284 300 2350 3.
326 2264 511 2332 Farewell
529 2273 564 2332 to
587 2263 644 2330 the
666 2263 781 2331 Loves
808 2264 911 2355 (iiirr
917 2265 971 2351 5).

100 2476 349 2642 QUAERE
359 2500 485 2544 novum
496 2487 827 2555 vatem,tener0rum
838 2488 947 2542 mater
955 2477 1124 2551 Amorum
1137 2475 1146 2542 l

224 2584 371 2649 Raditur
387 2586 444 2649 hic
460 2584 569 2672 elegis
586 2585 704 2650 ultima
722 2597 813 2649 meta
830 2585 935 2650 meis:

98 2688 195 2774 Quos
212 2713 278 2779 ego
295 2691 485 2776 composui,
504 2691 640 2779 Peligni
657 2691 745 2756 ruris
762 2691 940 2768 alumnus3

140 2796 218 2862 Nec
234 2819 289 2861 me
299 2797 450 2862 'deliciae
467 2798 660 2863 dedecuere
677 2819 789 2863 meae.

95 2902 219 2989 Siquid
235 2904 269 2968 id
286 2915 348 2979 est,
367 2927 475 2990 usque
493 2927 512 2968 a
530 2884 667 2989 proavis
682 2915 779 2970 vetus
796 2904 925 2970 ordinis
942 2905 1055 2980 heres
1130 2935 1145 2993 ς
1162 2956 1164 2960 -

140 3008 222 3074 Non
239 3010 340 3075 modo
357 3010 496 3075 militiae
513 3011 647 3075 turbine
666 3010 776 3076 factus
793 3033 908 3097 eques.

92 3113 242 3180 Mantua
257 3114 414 3204 Vergilio
431 3117 580 3204 gaudet3
605 3116 745 3182 Verona
761 3116 920 3182 Catullo:

139 3220 306 3310 Pelignae
323 3223 419 3287 dicar
434 3224 545 3312 gloria
562 3224 674 3312 gentis
691 3245 771 3311 eg0,

93 3325 213 3412 Quam
231 3350 293 3393 sua
310 3329 449 3396 libertas
468 3334 513 3398 ad
530 3334 673 3398 honesta
690 3336 851 3419 coegerat
867 3351 975 3404 arma,

140 3433 228 3499 Cum
246 3435 355 3502 timuit
372 3439 483 3506 socias
501 3441 605 3504 anxia
621 3439 736 3504 Roma
754 3459 887 3502 manus.
949 3443 952 3447 ’
1116 3469 1160 3521 ιο,

92 3539 209 3628 Atque
226 3543 348 3631 aliquis
366 3559 525 3632 spectans
543 3549 668 3633 hospes
685 3545 861 3612 Sulmonis
876 3544 996 3632 aquosi

140 3646 296 3727 Moenia,
314 3674 403 3740 quae
420 3654 533 3738 campi
547 3654 670 3742 jugera
687 3675 798 3740 pauca
814 3664 942 3727 tenent,

97 3753 222 3840 ‘Quae
239 3758 390 3824 tantum’
407 3759 498 3823 dicet
516 3760 692 3844 ‘potuistis
709 3761 797 3825 ferre
814 3773 964 3846 poetam,

141 3864 470 3951 Quantulacumque
487 3865 581 3944 estis,
599 3888 661 3933 vos
679 3888 747 3958 ego
763 3888 899 3960 magna
910 3867 1021 3935 voco?
