2490 4208
92 189 158 259 160
468 188 617 256 Sborter
640 189 775 261 Poems.
1030 164 1137 275 [nm
1192 140 1194 223 Ξ

89 388 182 456 Urbs
199 385 358 454 oritur-
369 386 447 474 quis
462 398 543 452 tunc
560 387 626 452 hoc
641 386 702 455 ulli
720 387 860 453 credere
876 380 1070 472 posset?-

10 572 14 580 ,
133 496 308 562 Victorem
325 494 423 559 terris
439 493 640 578 impositura
656 493 792 577 pedem.

89 602 223 670 Cuncta
240 621 355 690 regas,
376 610 409 664 et
424 599 470 664 sis
488 619 618 685 magno
633 597 696 662 sub
713 596 865 663 Caesare
883 616 1043 683 semper:

134 709 248 794 Saepe
265 708 368 775 etiam
385 705 491 790 pluris
509 703 657 769 nominis
673 703 775 791 hujus
792 704 902 778 habe;
1096 714 1142 771 860

89 815 133 881 Et
148 815 305 903 quotiens
322 813 453 881 steteris
471 810 599 877 domito
616 810 770 879 sublimis
786 810 823 875 in
839 811 935 887 orbe,

136 921 261 987 Omnia
277 921 344 987 sint
360 918 514 988 humeris
530 916 691 983 inferiora
707 917 786 983 tuis.
837 908 839 912 Α

255 1259 288 1308 2.
312 1241 443 1309 Rr'tuol
461 1249 496 1307 to
519 1249 622 1306 ooert
643 1239 772 1329 Ble'gbt
797 1238 916 1329 (April
941 1237 1021 1327 25).

65 1530 71 1542 ἱ
148 1452 215 1516 EX
230 1453 302 1529 ubi,
319 1474 408 1540 quae
424 1462 564 1529 restant,
583 1452 679 1518 luces
695 1451 827 1538 Aprilis
843 1450 998 1527 habebit,

194 1559 235 1623 In
252 1560 365 1624 medio
382 1580 484 1625 cursu
501 1570 656 1643 tempora
672 1559 762 1624 veris
780 1569 892 1633 erunt,

90 1664 135 1730 Et
150 1665 274 1730 frustra
290 1665 456 1751 pecudem
473 1686 620 1752 quaeres
634 1663 903 1730 Athamantidos
920 1662 1060 1740 Helles,

136 1770 314 1859 Signaque
331 1772 413 1839 daut
428 1771 572 1846 imbres,
586 1771 806 1857 exoriturque
823 1768 945 1836 Canis.

92 1876 171 1942 Hac
187 1877 270 1943 mihi
286 1876 458 1947 Nomento
474 1877 625 1944 Romam
641 1898 723 1965 cum
737 1878 815 1943 luce
831 1876 996 1953 redirem,
1102 1908 1154 1968 9⁰5

135 1983 271 2049 Obstitit
286 1983 321 2048 in
337 1983 450 2053 media
467 1984 614 2049 candida
631 1984 731 2049 turba
748 1983 828 2060 via;

90 2089 238 2155 Flamen
252 2089 287 2155 in
303 2089 463 2176 antiquae
479 2090 598 2157 lucum.
611 2089 800 2179 Robiginis
812 2090 901 2168 ibat,

135 2196 225 2260 Exta
241 2197 336 2261 canis
353 2196 511 2270 flammis,
530 2207 609 2263 exta
625 2197 768 2263 daturus
783 2197 873 2263 ovis,

90 2302 247 2369 Protinus
265 2303 406 2378 accessi,
424 2304 508 2367 ritus
523 2324 566 2369 ne
583 2303 719 2369 nescius
734 2324 873 2379 essemt

135 2409 251 2475 Edidit
267 2410 353 2475 baec
369 2409 514 2475 Flamen
530 2409 648 2484 verba,
668 2407 830 2492 Quirine,
845 2421 948 2476 tuus:
1107 2444 1162 2500 910

90 2513 230 2603 Aspera
247 2515 397 2602 Robigo,
405 2521 538 2600 parcos
561 2515 756 2582 Cerialibus
771 2517 901 2593 herbas,

134 2621 186 2687 Et
201 2631 328 2687 trcrnot
344 2624 380 2686 r'u
396 2644 528 2686 summa
545 2621 619 2687 leve
634 2643 795 2687 cacumen
813 2624 934 2689 humo.

97 2728 150 2795 Tu
165 2737 242 2794 sata
257 2729 428 2793 sutoribus
444 2728 534 2793 caeli
546 2729 683 2793 uutrrto
699 2731 845 2795 secundi

141 2833 316 2910 Crescere,
334 2834 681 2920 dumfiantfalce'bus
698 2843 797 2924 apto,
815 2838 922 2902 sinos.

103 2941 159 3006 Ve's
175 2950 236 3006 tuo
253 2963 321 3005 nou
337 2941 422 3005 levis
439 2949 508 3005 est:
534 2962 623 3026 quae
640 2950 678 3007 tu
690 2947 874 3022 frumento
890 2945 1035 3023 notasti,
1107 2978 1161 3037 9¹⁵

134 3047 291 3112 Moestus
308 3048 344 3110 r'u
360 3048 493 3117 ornasses,
510 3048 574 3111 illa
592 3049 730 3115 colonus
746 3051 859 3116 babet.

89 3152 169 3219 Nec
183 3154 428 3218 ventilantem
450 3151 577 3218 Cerere-⁷
590 3177 749 3233 nocuere,
771 3179 834 3223 nec
848 3159 988 3235 imbres,

134 3258 213 3325 Nec
227 3261 277 3324 se'c
292 3282 484 3324 marmoreo
504 3260 620 3348 pollet
636 3263 760 3327 adusto
771 3264 870 3349 gelu,

90 3364 285 3449 Quotam,
303 3367 337 3428 se'
349 3365 476 3431 culmos
502 3367 607 3432 Titan
626 3369 807 3450 incalfacit
822 3369 927 3433 udos:

142 3470 238 3535 Tunc
253 3471 345 3536 locus
361 3481 410 3537 est
427 3475 516 3548 erue,
535 3473 618 3537 droa
636 3474 800 3549 tantando,
818 3482 910 3538 tuac.
1104 3512 1159 3567 9²0

89 3576 216 3653 Parce,
229 3584 371 3663 precor,
391 3579 600 3662 scabrasque
616 3600 738 3645 neonus
753 3600 776 3641 o
791 3581 952 3647 neesst'bus
968 3585 1092 3665 aufer,

134 3681 236 3748 Neve
253 3706 335 3748 uoce
352 3685 473 3748 cultus:
492 3690 596 3770 posse
612 3705 734 3746 nocere
749 3692 803 3748 sat
819 3693 884 3753 est,

89 3785 169 3855 Nec
184 3794 322 3850 teneros
338 3795 478 3872 segetes,
497 3786 559 3850 sed
572 3787 698 3849 durrun
715 3787 921 3874 amplectere
927 3790 1095 3870 ferrern,

122 3892 306 3984 ,Quodque
312 3900 435 3986 potest
450 3893 539 3960 alios
553 3893 720 3983 perdere,
733 3894 842 3979 perde
854 3896 969 3980 brion,
