<?xml version="1.0" encoding="UTF-8"?>
<!DOCTYPE html PUBLIC "-//W3C//DTD XHTML 1.0 Transitional//EN"
    "http://www.w3.org/TR/xhtml1/DTD/xhtml1-transitional.dtd">
<html xmlns="http://www.w3.org/1999/xhtml" xml:lang="en" lang="en">
 <head>
  <title>
</title>
<meta http-equiv="Content-Type" content="text/html;charset=utf-8" />
  <meta name='ocr-system' content='tesseract 3.04.00' />
  <meta name='ocr-capabilities' content='ocr_page ocr_carea ocr_par ocr_line ocrx_word'/>
</head>
<body>
  <div class='ocr_page' id='page_1' title='image "./publiovidiinaso00allegoog_0311.png"; bbox 0 0 2454 4214; ppageno 0'>
   <div class='ocr_carea' id='block_1_1' title="bbox 118 221 1156 315">
    <p class='ocr_par' dir='ltr' id='par_1_1' title="bbox 118 221 1156 315">
     <span class='ocr_line' id='line_1_1' title="bbox 118 221 1156 315; baseline 0.01 -26"><span class='ocrx_word' id='word_1_1' title='bbox 118 224 183 308; x_wconf 84' lang='lat'>138</span> <span class='ocrx_word' id='word_1_2' title='bbox 351 223 387 290; x_wconf 89' lang='lat' dir='ltr'><em>T</em></span> <span class='ocrx_word' id='word_1_3' title='bbox 381 224 423 290; x_wconf 81' lang='lat' dir='ltr'>he</span> <span class='ocrx_word' id='word_1_4' title='bbox 457 223 603 291; x_wconf 80' lang='lat' dir='ltr'>Wsdo&#39;m</span> <span class='ocrx_word' id='word_1_5' title='bbox 626 225 675 310; x_wconf 87' lang='lat' dir='ltr'>os</span> <span class='ocrx_word' id='word_1_6' title='bbox 687 221 794 310; x_wconf 79' lang='lat' dir='ltr'>Kr‘ng</span> <span class='ocrx_word' id='word_1_7' title='bbox 812 223 947 291; x_wconf 82' lang='lat' dir='ltr'>Numa.</span> <span class='ocrx_word' id='word_1_8' title='bbox 1025 242 1156 315; x_wconf 70' lang='lat' dir='ltr'>[Marah</span> 
     </span>
    </p>
   </div>
   <div class='ocr_carea' id='block_1_2' title="bbox 31 419 1165 4030">
    <p class='ocr_par' dir='ltr' id='par_1_2' title="bbox 116 419 1073 720">
     <span class='ocr_line' id='line_1_2' title="bbox 117 419 1073 508; baseline 0.001 -21"><span class='ocrx_word' id='word_1_9' title='bbox 117 432 150 487; x_wconf 91' lang='lat' dir='ltr'>et</span> <span class='ocrx_word' id='word_1_10' title='bbox 165 421 405 508; x_wconf 90' lang='lat' dir='ltr'>quodcumque</span> <span class='ocrx_word' id='word_1_11' title='bbox 422 421 523 495; x_wconf 83' lang='lat' dir='ltr'>l&#39;atet3</span> <span class='ocrx_word' id='word_1_12' title='bbox 549 419 747 506; x_wconf 90' lang='lat' dir='ltr'>primusque</span> <span class='ocrx_word' id='word_1_13' title='bbox 763 420 926 487; x_wconf 89' lang='lat' dir='ltr'>animalia</span> <span class='ocrx_word' id='word_1_14' title='bbox 944 421 1073 488; x_wconf 86' lang='lat' dir='ltr'>mensis</span> 
     </span>
     <span class='ocr_line' id='line_1_3' title="bbox 116 526 943 615; baseline 0.001 -24"><span class='ocrx_word' id='word_1_15' title='bbox 116 527 229 615; x_wconf 87' lang='lat' dir='ltr'>arguit</span> <span class='ocrx_word' id='word_1_16' title='bbox 245 527 387 612; x_wconf 91' lang='lat' dir='ltr'>imponi.</span> <span class='ocrx_word' id='word_1_17' title='bbox 436 526 572 591; x_wconf 83' lang='lat' dir='ltr'><strong>Primus</strong></span> <span class='ocrx_word' id='word_1_18' title='bbox 588 548 724 612; x_wconf 90' lang='lat' dir='ltr'>quoque</span> <span class='ocrx_word' id='word_1_19' title='bbox 741 527 865 592; x_wconf 86' lang='lat' dir='ltr'>talibus</span> <span class='ocrx_word' id='word_1_20' title='bbox 882 549 943 592; x_wconf 91' lang='lat' dir='ltr'>ora</span> 
     </span>
     <span class='ocr_line' id='line_1_4' title="bbox 116 633 1028 720; baseline -0.001 -21"><span class='ocrx_word' id='word_1_21' title='bbox 116 634 216 699; x_wconf 89' lang='lat' dir='ltr'>docta</span> <span class='ocrx_word' id='word_1_22' title='bbox 232 635 371 720; x_wconf 91' lang='lat' dir='ltr'>quidem</span> <span class='ocrx_word' id='word_1_23' title='bbox 388 633 499 708; x_wconf 91' lang='lat' dir='ltr'>solvit,</span> <span class='ocrx_word' id='word_1_24' title='bbox 518 634 579 698; x_wconf 86' lang='lat' dir='ltr'>sed</span> <span class='ocrx_word' id='word_1_25' title='bbox 597 655 665 697; x_wconf 92' lang='lat' dir='ltr'>non</span> <span class='ocrx_word' id='word_1_26' title='bbox 683 643 715 697; x_wconf 89' lang='lat' dir='ltr'>et</span> <span class='ocrx_word' id='word_1_27' title='bbox 732 633 873 709; x_wconf 89' lang='lat' dir='ltr'>credita,</span> <span class='ocrx_word' id='word_1_28' title='bbox 892 635 1028 710; x_wconf 84' lang='lat' dir='ltr'>verbis:</span> 
     </span>
    </p>

    <p class='ocr_par' dir='ltr' id='par_1_3' title="bbox 114 739 1158 1996">
     <span class='ocr_line' id='line_1_5' title="bbox 164 739 1157 826; baseline 0.002 -22"><span class='ocrx_word' id='word_1_29' title='bbox 164 739 336 815; x_wconf 86' lang='lat' dir='ltr'>‘Parcite,</span> <span class='ocrx_word' id='word_1_30' title='bbox 356 740 528 814; x_wconf 79' lang='lat' dir='ltr'>mortaleS,</span> <span class='ocrx_word' id='word_1_31' title='bbox 548 739 694 823; x_wconf 87' lang='lat' dir='ltr'>dapibus</span> <span class='ocrx_word' id='word_1_32' title='bbox 710 749 878 804; x_wconf 89' lang='lat' dir='ltr'>temerare</span> <span class='ocrx_word' id='word_1_33' title='bbox 896 740 1057 806; x_wconf 84' lang='lat' dir='ltr'>nefandis</span> <span class='ocrx_word' id='word_1_34' title='bbox 1130 769 1157 826; x_wconf 79' lang='lat'>75</span> 
     </span>
     <span class='ocr_line' id='line_1_6' title="bbox 116 845 1012 932; baseline -0.001 -19"><span class='ocrx_word' id='word_1_35' title='bbox 116 868 260 932; x_wconf 91' lang='lat' dir='ltr'>corpora</span> <span class='ocrx_word' id='word_1_36' title='bbox 274 845 281 910; x_wconf 83' lang='lat' dir='ltr'>l</span> <span class='ocrx_word' id='word_1_37' title='bbox 328 845 417 911; x_wconf 88' lang='lat' dir='ltr'>Sunt</span> <span class='ocrx_word' id='word_1_38' title='bbox 432 846 563 932; x_wconf 85' lang='lat' dir='ltr'>fruges,</span> <span class='ocrx_word' id='word_1_39' title='bbox 581 856 659 910; x_wconf 91' lang='lat' dir='ltr'>sunt</span> <span class='ocrx_word' id='word_1_40' title='bbox 676 846 879 910; x_wconf 82' lang='lat' dir='ltr'>deducentia</span> <span class='ocrx_word' id='word_1_41' title='bbox 895 867 1012 912; x_wconf 87' lang='lat' dir='ltr'>ramos</span> 
     </span>
     <span class='ocr_line' id='line_1_7' title="bbox 116 950 1037 1038; baseline 0 -22"><span class='ocrx_word' id='word_1_42' title='bbox 116 954 268 1038; x_wconf 90' lang='lat' dir='ltr'>pondere</span> <span class='ocrx_word' id='word_1_43' title='bbox 284 973 387 1037; x_wconf 89' lang='lat' dir='ltr'>poma</span> <span class='ocrx_word' id='word_1_44' title='bbox 405 973 479 1027; x_wconf 92' lang='lat' dir='ltr'>suo,</span> <span class='ocrx_word' id='word_1_45' title='bbox 497 951 716 1036; x_wconf 88' lang='lat' dir='ltr'>tumidaeque</span> <span class='ocrx_word' id='word_1_46' title='bbox 733 950 768 1014; x_wconf 93' lang='lat' dir='ltr'>in</span> <span class='ocrx_word' id='word_1_47' title='bbox 784 951 908 1016; x_wconf 89' lang='lat' dir='ltr'>vitibus</span> <span class='ocrx_word' id='word_1_48' title='bbox 925 972 1037 1028; x_wconf 85' lang='lat' dir='ltr'>uvae3</span> 
     </span>
     <span class='ocr_line' id='line_1_8' title="bbox 116 1050 1042 1143; baseline -0.001 -20"><span class='ocrx_word' id='word_1_49' title='bbox 116 1070 194 1123; x_wconf 91' lang='lat' dir='ltr'>sunt</span> <span class='ocrx_word' id='word_1_50' title='bbox 210 1050 337 1122; x_wconf 85' lang='lat' dir='ltr'>herbae</span> <span class='ocrx_word' id='word_1_51' title='bbox 354 1058 485 1132; x_wconf 87' lang='lat' dir='ltr'>dulces,</span> <span class='ocrx_word' id='word_1_52' title='bbox 504 1067 583 1122; x_wconf 92' lang='lat' dir='ltr'>sunt</span> <span class='ocrx_word' id='word_1_53' title='bbox 598 1077 687 1143; x_wconf 92' lang='lat' dir='ltr'>quae</span> <span class='ocrx_word' id='word_1_54' title='bbox 705 1057 883 1121; x_wconf 88' lang='lat' dir='ltr'>mitescere</span> <span class='ocrx_word' id='word_1_55' title='bbox 899 1057 1042 1122; x_wconf 91' lang='lat' dir='ltr'>flamma</span> 
     </span>
     <span class='ocr_line' id='line_1_9' title="bbox 117 1162 966 1251; baseline -0.002 -21"><span class='ocrx_word' id='word_1_56' title='bbox 117 1164 309 1250; x_wconf 87' lang='lat' dir='ltr'>mollirique</span> <span class='ocrx_word' id='word_1_57' title='bbox 325 1173 472 1251; x_wconf 87' lang='lat' dir='ltr'>queant3</span> <span class='ocrx_word' id='word_1_58' title='bbox 498 1184 563 1229; x_wconf 90' lang='lat' dir='ltr'>nec</span> <span class='ocrx_word' id='word_1_59' title='bbox 578 1162 675 1227; x_wconf 89' lang='lat' dir='ltr'>vobis</span> <span class='ocrx_word' id='word_1_60' title='bbox 692 1163 824 1250; x_wconf 89' lang='lat' dir='ltr'>lacteus</span> <span class='ocrx_word' id='word_1_61' title='bbox 842 1164 966 1228; x_wconf 91' lang='lat' dir='ltr'>humor</span> 
     </span>
     <span class='ocr_line' id='line_1_10' title="bbox 117 1268 1158 1356; baseline -0.002 -20"><span class='ocrx_word' id='word_1_62' title='bbox 117 1271 268 1356; x_wconf 92' lang='lat' dir='ltr'>eripitur,</span> <span class='ocrx_word' id='word_1_63' title='bbox 287 1291 351 1335; x_wconf 88' lang='lat' dir='ltr'>nec</span> <span class='ocrx_word' id='word_1_64' title='bbox 367 1270 470 1334; x_wconf 90' lang='lat' dir='ltr'>mella</span> <span class='ocrx_word' id='word_1_65' title='bbox 487 1269 597 1355; x_wconf 92' lang='lat' dir='ltr'>thymi</span> <span class='ocrx_word' id='word_1_66' title='bbox 613 1269 802 1333; x_wconf 85' lang='lat' dir='ltr'>redolentia</span> <span class='ocrx_word' id='word_1_67' title='bbox 818 1268 915 1334; x_wconf 91' lang='lat' dir='ltr'>flore.</span> <span class='ocrx_word' id='word_1_68' title='bbox 1130 1289 1158 1341; x_wconf 85' lang='lat'>80</span> 
     </span>
     <span class='ocr_line' id='line_1_11' title="bbox 116 1375 1004 1464; baseline 0 -24"><span class='ocrx_word' id='word_1_69' title='bbox 116 1378 262 1464; x_wconf 90' lang='lat' dir='ltr'>prodiga</span> <span class='ocrx_word' id='word_1_70' title='bbox 279 1376 413 1441; x_wconf 90' lang='lat' dir='ltr'>divitias</span> <span class='ocrx_word' id='word_1_71' title='bbox 431 1375 660 1461; x_wconf 87' lang='lat' dir='ltr'>alimentaque</span> <span class='ocrx_word' id='word_1_72' title='bbox 679 1375 771 1439; x_wconf 87' lang='lat' dir='ltr'>mitia</span> <span class='ocrx_word' id='word_1_73' title='bbox 787 1375 893 1440; x_wconf 86' lang='lat' dir='ltr'>tellus</span> <span class='ocrx_word' id='word_1_74' title='bbox 935 1386 953 1408; x_wconf 89' lang='grc'>’·</span> <span class='ocrx_word' id='word_1_75' title='bbox 1000 1403 1004 1410; x_wconf 71' lang='grc'><strong><em>’</em></strong></span> 
     </span>
     <span class='ocr_line' id='line_1_12' title="bbox 116 1481 1155 1570; baseline -0.002 -23"><span class='ocrx_word' id='word_1_76' title='bbox 116 1483 284 1570; x_wconf 85' lang='lat' dir='ltr'>suggerit,</span> <span class='ocrx_word' id='word_1_77' title='bbox 303 1493 402 1568; x_wconf 89' lang='lat' dir='ltr'>atque</span> <span class='ocrx_word' id='word_1_78' title='bbox 420 1481 539 1566; x_wconf 91' lang='lat' dir='ltr'>epulas</span> <span class='ocrx_word' id='word_1_79' title='bbox 557 1481 630 1546; x_wconf 90' lang='lat' dir='ltr'>sine</span> <span class='ocrx_word' id='word_1_80' title='bbox 648 1481 753 1546; x_wconf 89' lang='lat' dir='ltr'>caede</span> <span class='ocrx_word' id='word_1_81' title='bbox 771 1485 804 1545; x_wconf 90' lang='lat' dir='ltr'>et</span> <span class='ocrx_word' id='word_1_82' title='bbox 820 1482 990 1569; x_wconf 86' lang='lat' dir='ltr'>sanguine</span> <span class='ocrx_word' id='word_1_83' title='bbox 1011 1485 1155 1570; x_wconf 83' lang='lat' dir='ltr'>praebet.</span> 
     </span>
     <span class='ocr_line' id='line_1_13' title="bbox 116 1572 993 1675; baseline -0.003 -20"><span class='ocrx_word' id='word_1_84' title='bbox 116 1609 219 1655; x_wconf 90' lang='lat' dir='ltr'>carne</span> <span class='ocrx_word' id='word_1_85' title='bbox 236 1589 328 1654; x_wconf 88' lang='lat' dir='ltr'>serae</span> <span class='ocrx_word' id='word_1_86' title='bbox 345 1589 465 1653; x_wconf 87' lang='lat' dir='ltr'>sedant</span> <span class='ocrx_word' id='word_1_87' title='bbox 477 1587 621 1675; x_wconf 85' lang='lat' dir='ltr'>jejunia,</span> <span class='ocrx_word' id='word_1_88' title='bbox 640 1572 705 1652; x_wconf 87' lang='lat' dir='ltr'>nec</span> <span class='ocrx_word' id='word_1_89' title='bbox 720 1597 836 1652; x_wconf 89' lang='lat' dir='ltr'>tamen</span> <span class='ocrx_word' id='word_1_90' title='bbox 852 1610 993 1654; x_wconf 86' lang='lat' dir='ltr'>omnes:</span> 
     </span>
     <span class='ocr_line' id='line_1_14' title="bbox 115 1678 1145 1784; baseline 0.002 -25"><span class='ocrx_word' id='word_1_91' title='bbox 115 1679 243 1784; x_wconf 85' lang='lat' dir='ltr'>quippe</span> <span class='ocrx_word' id='word_1_92' title='bbox 260 1716 367 1781; x_wconf 88' lang='lat' dir='ltr'>equus</span> <span class='ocrx_word' id='word_1_93' title='bbox 384 1706 419 1760; x_wconf 87' lang='lat' dir='ltr'>et</span> <span class='ocrx_word' id='word_1_94' title='bbox 432 1694 582 1779; x_wconf 81' lang='lat' dir='ltr'>pecudes</span> <span class='ocrx_word' id='word_1_95' title='bbox 600 1678 821 1780; x_wconf 88' lang='lat' dir='ltr'>armentaque</span> <span class='ocrx_word' id='word_1_96' title='bbox 839 1697 997 1783; x_wconf 88' lang='lat' dir='ltr'>gramine</span> <span class='ocrx_word' id='word_1_97' title='bbox 1013 1693 1145 1768; x_wconf 88' lang='lat' dir='ltr'>vivunt;</span> 
     </span>
     <span class='ocr_line' id='line_1_15' title="bbox 116 1800 1156 1890; baseline 0.005 -24"><span class='ocrx_word' id='word_1_98' title='bbox 116 1802 288 1888; x_wconf 85' lang='lat' dir='ltr'>atquibus</span> <span class='ocrx_word' id='word_1_99' title='bbox 305 1800 482 1888; x_wconf 84' lang='lat' dir='ltr'>ingenium</span> <span class='ocrx_word' id='word_1_100' title='bbox 501 1811 551 1865; x_wconf 91' lang='lat' dir='ltr'>est</span> <span class='ocrx_word' id='word_1_101' title='bbox 567 1800 891 1888; x_wconf 86' lang='lat' dir='ltr'>inmansuetumque</span> <span class='ocrx_word' id='word_1_102' title='bbox 906 1803 1100 1890; x_wconf 88' lang='lat' dir='ltr'>ferumque,</span> <span class='ocrx_word' id='word_1_103' title='bbox 1130 1821 1156 1889; x_wconf 85' lang='lat'>85</span> 
     </span>
     <span class='ocr_line' id='line_1_16' title="bbox 114 1907 881 1996; baseline 0.003 -24"><span class='ocrx_word' id='word_1_104' title='bbox 114 1907 371 1993; x_wconf 88' lang='lat' dir='ltr'>Armeniaeque</span> <span class='ocrx_word' id='word_1_105' title='bbox 388 1907 493 1994; x_wconf 87' lang='lat' dir='ltr'>tigres</span> <span class='ocrx_word' id='word_1_106' title='bbox 510 1907 734 1996; x_wconf 85' lang='lat' dir='ltr'>iracundique</span> <span class='ocrx_word' id='word_1_107' title='bbox 751 1909 881 1985; x_wconf 74' lang='lat' dir='ltr'>leoneS,</span> 
     </span>
    </p>

    <p class='ocr_par' dir='ltr' id='par_1_4' title="bbox 31 2014 1159 3055">
     <span class='ocr_line' id='line_1_17' title="bbox 84 2014 1098 2104; baseline 0 -24"><span class='ocrx_word' id='word_1_108' title='bbox 84 2034 87 2039; x_wconf 80' lang='grc'><em>·</em></span> <span class='ocrx_word' id='word_1_109' title='bbox 115 2036 262 2101; x_wconf 89' lang='lat' dir='ltr'>cumque</span> <span class='ocrx_word' id='word_1_110' title='bbox 278 2014 368 2099; x_wconf 93' lang='lat' dir='ltr'>lupis</span> <span class='ocrx_word' id='word_1_111' title='bbox 384 2015 467 2090; x_wconf 91' lang='lat' dir='ltr'>ursi,</span> <span class='ocrx_word' id='word_1_112' title='bbox 486 2015 632 2099; x_wconf 84' lang='lat' dir='ltr'>dapibus</span> <span class='ocrx_word' id='word_1_113' title='bbox 650 2036 728 2079; x_wconf 93' lang='lat' dir='ltr'>cum</span> <span class='ocrx_word' id='word_1_114' title='bbox 747 2016 915 2104; x_wconf 89' lang='lat' dir='ltr'>sanguine</span> <span class='ocrx_word' id='word_1_115' title='bbox 934 2017 1098 2104; x_wconf 89' lang='lat' dir='ltr'>gaudent.</span> 
     </span>
     <span class='ocr_line' id='line_1_18' title="bbox 162 2116 1125 2207; baseline 0.003 -22"><span class='ocrx_word' id='word_1_116' title='bbox 162 2132 171 2162; x_wconf 91' lang='lat'>‘</span> <span class='ocrx_word' id='word_1_117' title='bbox 188 2116 267 2185; x_wconf 86' lang='lat' dir='ltr'>Heu</span> <span class='ocrx_word' id='word_1_118' title='bbox 284 2130 448 2207; x_wconf 91' lang='lat' dir='ltr'>quantum</span> <span class='ocrx_word' id='word_1_119' title='bbox 466 2123 578 2186; x_wconf 88' lang='lat' dir='ltr'>scelus</span> <span class='ocrx_word' id='word_1_120' title='bbox 595 2122 694 2187; x_wconf 91' lang='lat' dir='ltr'>estin</span> <span class='ocrx_word' id='word_1_121' title='bbox 712 2122 845 2188; x_wconf 89' lang='lat' dir='ltr'>viscera</span> <span class='ocrx_word' id='word_1_122' title='bbox 861 2124 995 2188; x_wconf 79' lang='lat' dir='ltr'>viscera</span> <span class='ocrx_word' id='word_1_123' title='bbox 1012 2124 1125 2199; x_wconf 86' lang='lat' dir='ltr'>condi,</span> 
     </span>
     <span class='ocr_line' id='line_1_19' title="bbox 115 2227 1064 2316; baseline 0.004 -24"><span class='ocrx_word' id='word_1_124' title='bbox 115 2237 347 2315; x_wconf 90' lang='lat' dir='ltr'>congestoque</span> <span class='ocrx_word' id='word_1_125' title='bbox 365 2227 503 2291; x_wconf 89' lang='lat' dir='ltr'>avidum</span> <span class='ocrx_word' id='word_1_126' title='bbox 514 2228 747 2316; x_wconf 89' lang='lat' dir='ltr'>pinguescere</span> <span class='ocrx_word' id='word_1_127' title='bbox 764 2250 907 2315; x_wconf 90' lang='lat' dir='ltr'>corpore</span> <span class='ocrx_word' id='word_1_128' title='bbox 925 2252 1064 2316; x_wconf 79' lang='lat' dir='ltr'>corpuS,</span> 
     </span>
     <span class='ocr_line' id='line_1_20' title="bbox 115 2333 1158 2424; baseline 0.001 -24"><span class='ocrx_word' id='word_1_129' title='bbox 115 2334 322 2420; x_wconf 88' lang='lat' dir='ltr'>alteriusque</span> <span class='ocrx_word' id='word_1_130' title='bbox 340 2333 546 2399; x_wconf 87' lang='lat' dir='ltr'>animantem</span> <span class='ocrx_word' id='word_1_131' title='bbox 564 2334 747 2401; x_wconf 85' lang='lat' dir='ltr'>animantis</span> <span class='ocrx_word' id='word_1_132' title='bbox 763 2336 878 2401; x_wconf 87' lang='lat' dir='ltr'>vivere</span> <span class='ocrx_word' id='word_1_133' title='bbox 890 2336 985 2401; x_wconf 81' lang='lat' dir='ltr'>&#39;letol</span> <span class='ocrx_word' id='word_1_134' title='bbox 1129 2368 1158 2424; x_wconf 88' lang='lat'>90</span> 
     </span>
     <span class='ocr_line' id='line_1_21' title="bbox 161 2440 1064 2529; baseline 0.001 -20"><span class='ocrx_word' id='word_1_135' title='bbox 161 2453 170 2484; x_wconf 90' lang='lat'>‘</span> <span class='ocrx_word' id='word_1_136' title='bbox 186 2442 326 2509; x_wconf 87' lang='lat' dir='ltr'>Scilicet</span> <span class='ocrx_word' id='word_1_137' title='bbox 342 2440 376 2505; x_wconf 92' lang='lat' dir='ltr'>in</span> <span class='ocrx_word' id='word_1_138' title='bbox 395 2441 495 2506; x_wconf 88' lang='lat' dir='ltr'>tantis</span> <span class='ocrx_word' id='word_1_139' title='bbox 512 2443 647 2527; x_wconf 92' lang='lat' dir='ltr'>opibus,</span> <span class='ocrx_word' id='word_1_140' title='bbox 666 2465 752 2529; x_wconf 91' lang='lat' dir='ltr'>quas</span> <span class='ocrx_word' id='word_1_141' title='bbox 768 2443 897 2528; x_wconf 90' lang='lat' dir='ltr'>optima</span> <span class='ocrx_word' id='word_1_142' title='bbox 915 2454 1064 2510; x_wconf 89' lang='lat' dir='ltr'>matrum</span> 
     </span>
     <span class='ocr_line' id='line_1_22' title="bbox 113 2549 964 2637; baseline -0.001 -21"><span class='ocrx_word' id='word_1_143' title='bbox 113 2549 224 2616; x_wconf 89' lang='lat' dir='ltr'>Terra</span> <span class='ocrx_word' id='word_1_144' title='bbox 240 2549 341 2637; x_wconf 89' lang='lat' dir='ltr'>parit,</span> <span class='ocrx_word' id='word_1_145' title='bbox 360 2549 407 2613; x_wconf 89' lang='lat' dir='ltr'>nil</span> <span class='ocrx_word' id='word_1_146' title='bbox 424 2560 457 2614; x_wconf 90' lang='lat' dir='ltr'>te</span> <span class='ocrx_word' id='word_1_147' title='bbox 473 2549 538 2615; x_wconf 90' lang='lat' dir='ltr'>nisi</span> <span class='ocrx_word' id='word_1_148' title='bbox 554 2550 661 2614; x_wconf 89' lang='lat' dir='ltr'>tristia</span> <span class='ocrx_word' id='word_1_149' title='bbox 677 2551 841 2615; x_wconf 92' lang='lat' dir='ltr'>mandere</span> <span class='ocrx_word' id='word_1_150' title='bbox 859 2571 964 2615; x_wconf 88' lang='lat' dir='ltr'>saevo</span> 
     </span>
     <span class='ocr_line' id='line_1_23' title="bbox 112 2654 1096 2745; baseline -0.001 -22"><span class='ocrx_word' id='word_1_151' title='bbox 112 2659 257 2723; x_wconf 89' lang='lat' dir='ltr'>vulnera</span> <span class='ocrx_word' id='word_1_152' title='bbox 273 2658 374 2723; x_wconf 91' lang='lat' dir='ltr'>dente</span> <span class='ocrx_word' id='word_1_153' title='bbox 385 2657 496 2745; x_wconf 85' lang='lat' dir='ltr'>juvat,</span> <span class='ocrx_word' id='word_1_154' title='bbox 515 2657 686 2744; x_wconf 91' lang='lat' dir='ltr'>rictusque</span> <span class='ocrx_word' id='word_1_155' title='bbox 703 2657 830 2721; x_wconf 86' lang='lat' dir='ltr'>referre</span> <span class='ocrx_word' id='word_1_156' title='bbox 846 2654 1067 2742; x_wconf 88' lang='lat' dir='ltr'>Cyclopum?</span> <span class='ocrx_word' id='word_1_157' title='bbox 1092 2684 1096 2690; x_wconf 91' lang='lat'>·</span> 
     </span>
     <span class='ocr_line' id='line_1_24' title="bbox 113 2763 928 2850; baseline -0.004 -19"><span class='ocrx_word' id='word_1_158' title='bbox 113 2785 191 2842; x_wconf 85' lang='lat' dir='ltr'>nec,</span> <span class='ocrx_word' id='word_1_159' title='bbox 209 2764 275 2831; x_wconf 91' lang='lat' dir='ltr'>nisi</span> <span class='ocrx_word' id='word_1_160' title='bbox 291 2763 481 2850; x_wconf 88' lang='lat' dir='ltr'>perdideris</span> <span class='ocrx_word' id='word_1_161' title='bbox 499 2764 617 2838; x_wconf 89' lang='lat' dir='ltr'>alium,</span> <span class='ocrx_word' id='word_1_162' title='bbox 637 2764 776 2849; x_wconf 89' lang='lat' dir='ltr'>placare</span> <span class='ocrx_word' id='word_1_163' title='bbox 791 2763 928 2828; x_wconf 90' lang='lat' dir='ltr'>voracis</span> 
     </span>
     <span class='ocr_line' id='line_1_25' title="bbox 31 2866 1159 2959; baseline -0.005 -20"><span class='ocrx_word' id='word_1_164' title='bbox 31 2870 33 2875; x_wconf 72' lang='grc'><strong>’</strong></span> <span class='ocrx_word' id='word_1_165' title='bbox 77 2870 148 2939; x_wconf 68' lang='lat' dir='ltr'>&#39;et</span> <span class='ocrx_word' id='word_1_166' title='bbox 163 2872 254 2938; x_wconf 90' lang='lat' dir='ltr'>male</span> <span class='ocrx_word' id='word_1_167' title='bbox 270 2872 391 2937; x_wconf 90' lang='lat' dir='ltr'>morati</span> <span class='ocrx_word' id='word_1_168' title='bbox 408 2871 534 2957; x_wconf 93' lang='lat' dir='ltr'>poteris</span> <span class='ocrx_word' id='word_1_169' title='bbox 547 2870 678 2959; x_wconf 88' lang='lat' dir='ltr'>jejunia</span> <span class='ocrx_word' id='word_1_170' title='bbox 695 2866 845 2934; x_wconf 82' lang='lat' dir='ltr'>ventris?</span> <span class='ocrx_word' id='word_1_171' title='bbox 940 2884 943 2889; x_wconf 86' lang='grc'><em>·</em></span> <span class='ocrx_word' id='word_1_172' title='bbox 1130 2901 1159 2959; x_wconf 78' lang='lat'>95</span> 
     </span>
     <span class='ocr_line' id='line_1_26' title="bbox 128 2974 1063 3055; baseline -0.003 -10"><span class='ocrx_word' id='word_1_173' title='bbox 128 2974 132 2981; x_wconf 76' lang='grc'><strong>’</strong></span> <span class='ocrx_word' id='word_1_174' title='bbox 160 2979 234 3045; x_wconf 86' lang='lat' dir='ltr'>‘At</span> <span class='ocrx_word' id='word_1_175' title='bbox 248 2990 345 3045; x_wconf 89' lang='lat' dir='ltr'>vetus</span> <span class='ocrx_word' id='word_1_176' title='bbox 361 2979 420 3044; x_wconf 91' lang='lat' dir='ltr'>illa</span> <span class='ocrx_word' id='word_1_177' title='bbox 437 2975 544 3055; x_wconf 84' lang='lat' dir='ltr'>aetas,</span> <span class='ocrx_word' id='word_1_178' title='bbox 564 2978 618 3042; x_wconf 91' lang='lat' dir='ltr'>cui</span> <span class='ocrx_word' id='word_1_179' title='bbox 635 2977 779 3042; x_wconf 85' lang='lat' dir='ltr'>fecimus</span> <span class='ocrx_word' id='word_1_180' title='bbox 795 2997 906 3042; x_wconf 83' lang='lat' dir='ltr'>aurea</span> <span class='ocrx_word' id='word_1_181' title='bbox 922 2997 1063 3055; x_wconf 92' lang='lat' dir='ltr'>nomen,</span> 
     </span>
    </p>

    <p class='ocr_par' dir='ltr' id='par_1_5' title="bbox 31 3067 1035 3280">
     <span class='ocr_line' id='line_1_27' title="bbox 36 3067 1035 3173; baseline -0.001 -22"><span class='ocrx_word' id='word_1_182' title='bbox 36 3168 40 3171; x_wconf 29' lang='grc'><strong>,</strong></span> <span class='ocrx_word' id='word_1_183' title='bbox 114 3084 237 3152; x_wconf 80' lang='lat' dir='ltr'>fetibus</span> <span class='ocrx_word' id='word_1_184' title='bbox 254 3067 405 3152; x_wconf 86' lang='lat' dir='ltr'>arboreis</span> <span class='ocrx_word' id='word_1_185' title='bbox 422 3098 455 3151; x_wconf 92' lang='lat' dir='ltr'>et</span> <span class='ocrx_word' id='word_1_186' title='bbox 471 3107 557 3173; x_wconf 90' lang='lat' dir='ltr'>quas</span> <span class='ocrx_word' id='word_1_187' title='bbox 574 3087 699 3150; x_wconf 91' lang='lat' dir='ltr'>humus</span> <span class='ocrx_word' id='word_1_188' title='bbox 715 3085 839 3150; x_wconf 90' lang='lat' dir='ltr'>educat</span> <span class='ocrx_word' id='word_1_189' title='bbox 855 3085 971 3150; x_wconf 90' lang='lat' dir='ltr'>herbis</span> <span class='ocrx_word' id='word_1_190' title='bbox 1031 3118 1035 3127; x_wconf 91' lang='lat'><em>·</em></span> 
     </span>
     <span class='ocr_line' id='line_1_28' title="bbox 31 3192 818 3280; baseline -0.003 -23"><span class='ocrx_word' id='word_1_191' title='bbox 31 3228 36 3263; x_wconf 85' lang='lat'>;</span> <span class='ocrx_word' id='word_1_192' title='bbox 93 3260 97 3269; x_wconf 69' lang='grc'>,</span> <span class='ocrx_word' id='word_1_193' title='bbox 115 3192 285 3258; x_wconf 83' lang='lat' dir='ltr'>fortunata</span> <span class='ocrx_word' id='word_1_194' title='bbox 300 3193 375 3268; x_wconf 86' lang='lat' dir='ltr'>fuit,</span> <span class='ocrx_word' id='word_1_195' title='bbox 394 3214 458 3258; x_wconf 90' lang='lat' dir='ltr'>nec</span> <span class='ocrx_word' id='word_1_196' title='bbox 474 3193 595 3280; x_wconf 89' lang='lat' dir='ltr'>polluit</span> <span class='ocrx_word' id='word_1_197' title='bbox 611 3214 671 3258; x_wconf 91' lang='lat' dir='ltr'>ora</span> <span class='ocrx_word' id='word_1_198' title='bbox 687 3212 818 3257; x_wconf 89' lang='lat' dir='ltr'>cruore.</span> 
     </span>
    </p>

    <p class='ocr_par' dir='ltr' id='par_1_6' title="bbox 52 3292 1160 3611">
     <span class='ocr_line' id='line_1_29' title="bbox 52 3292 941 3385; baseline -0.008 -16"><span class='ocrx_word' id='word_1_199' title='bbox 52 3292 55 3297; x_wconf 34' lang='lat'><strong>¹</strong></span> <span class='ocrx_word' id='word_1_200' title='bbox 115 3307 195 3369; x_wconf 83' lang='lat' dir='ltr'>tunc</span> <span class='ocrx_word' id='word_1_201' title='bbox 211 3311 244 3365; x_wconf 90' lang='lat' dir='ltr'>et</span> <span class='ocrx_word' id='word_1_202' title='bbox 260 3322 341 3366; x_wconf 90' lang='lat' dir='ltr'>aves</span> <span class='ocrx_word' id='word_1_203' title='bbox 358 3311 449 3365; x_wconf 89' lang='lat' dir='ltr'>tutae</span> <span class='ocrx_word' id='word_1_204' title='bbox 467 3322 605 3366; x_wconf 90' lang='lat' dir='ltr'>movere</span> <span class='ocrx_word' id='word_1_205' title='bbox 621 3321 682 3385; x_wconf 90' lang='lat' dir='ltr'>per</span> <span class='ocrx_word' id='word_1_206' title='bbox 699 3296 779 3363; x_wconf 67' lang='lat' dir='ltr'>adra</span> <span class='ocrx_word' id='word_1_207' title='bbox 796 3319 941 3384; x_wconf 88' lang='lat' dir='ltr'>pennas,</span> 
     </span>
     <span class='ocr_line' id='line_1_30' title="bbox 116 3405 1160 3493; baseline 0.001 -23"><span class='ocrx_word' id='word_1_208' title='bbox 116 3417 148 3471; x_wconf 92' lang='lat' dir='ltr'>et</span> <span class='ocrx_word' id='word_1_209' title='bbox 163 3407 260 3493; x_wconf 92' lang='lat' dir='ltr'>lepus</span> <span class='ocrx_word' id='word_1_210' title='bbox 277 3407 459 3493; x_wconf 91' lang='lat' dir='ltr'>inpavidus</span> <span class='ocrx_word' id='word_1_211' title='bbox 477 3407 597 3473; x_wconf 90' lang='lat' dir='ltr'>mediis</span> <span class='ocrx_word' id='word_1_212' title='bbox 615 3406 739 3471; x_wconf 90' lang='lat' dir='ltr'>erravit</span> <span class='ocrx_word' id='word_1_213' title='bbox 754 3407 789 3470; x_wconf 91' lang='lat' dir='ltr'>in</span> <span class='ocrx_word' id='word_1_214' title='bbox 806 3405 934 3480; x_wconf 88' lang='lat' dir='ltr'>herbis,</span> <span class='ocrx_word' id='word_1_215' title='bbox 1026 3406 1029 3411; x_wconf 77' lang='grc'>’</span> <span class='ocrx_word' id='word_1_216' title='bbox 1118 3438 1160 3476; x_wconf 91' lang='lat'>100</span> 
     </span>
     <span class='ocr_line' id='line_1_31' title="bbox 56 3513 1012 3611; baseline 0.001 -34"><span class='ocrx_word' id='word_1_217' title='bbox 56 3596 65 3611; x_wconf 32' lang='grc' dir='ltr'>ι</span> <span class='ocrx_word' id='word_1_218' title='bbox 115 3534 179 3578; x_wconf 93' lang='lat' dir='ltr'>nec</span> <span class='ocrx_word' id='word_1_219' title='bbox 195 3536 257 3579; x_wconf 91' lang='lat' dir='ltr'>sua</span> <span class='ocrx_word' id='word_1_220' title='bbox 275 3514 458 3579; x_wconf 89' lang='lat' dir='ltr'>credulitas</span> <span class='ocrx_word' id='word_1_221' title='bbox 477 3515 606 3599; x_wconf 88' lang='lat' dir='ltr'>piscem</span> <span class='ocrx_word' id='word_1_222' title='bbox 624 3513 849 3598; x_wconf 87' lang='lat' dir='ltr'>suspenderat</span> <span class='ocrx_word' id='word_1_223' title='bbox 865 3513 990 3587; x_wconf 75' lang='lat' dir='ltr'>homor</span> <span class='ocrx_word' id='word_1_224' title='bbox 1008 3538 1012 3545; x_wconf 68' lang='lat'><em>¹</em></span> 
     </span>
    </p>

    <p class='ocr_par' dir='ltr' id='par_1_7' title="bbox 104 3619 1165 4030">
     <span class='ocr_line' id='line_1_32' title="bbox 116 3619 1032 3707; baseline 0 -23"><span class='ocrx_word' id='word_1_225' title='bbox 116 3632 237 3686; x_wconf 89' lang='lat' dir='ltr'>cuncta</span> <span class='ocrx_word' id='word_1_226' title='bbox 253 3622 325 3686; x_wconf 91' lang='lat' dir='ltr'>sine</span> <span class='ocrx_word' id='word_1_227' title='bbox 343 3621 475 3686; x_wconf 90' lang='lat' dir='ltr'>insidiis</span> <span class='ocrx_word' id='word_1_228' title='bbox 491 3620 695 3707; x_wconf 82' lang='lat' dir='ltr'>nullamque·</span> <span class='ocrx_word' id='word_1_229' title='bbox 705 3619 858 3686; x_wconf 89' lang='lat' dir='ltr'>timentia</span> <span class='ocrx_word' id='word_1_230' title='bbox 873 3619 1032 3684; x_wconf 85' lang='lat' dir='ltr'>fraudem</span> 
     </span>
     <span class='ocr_line' id='line_1_33' title="bbox 115 3721 1114 3814; baseline 0.002 -24"><span class='ocrx_word' id='word_1_231' title='bbox 115 3728 283 3814; x_wconf 88' lang='lat' dir='ltr'>plenaque</span> <span class='ocrx_word' id='word_1_232' title='bbox 300 3727 395 3812; x_wconf 89' lang='lat' dir='ltr'>pacis</span> <span class='ocrx_word' id='word_1_233' title='bbox 413 3721 521 3792; x_wconf 82' lang='lat' dir='ltr'>erant.</span> <span class='ocrx_word' id='word_1_234' title='bbox 571 3726 755 3813; x_wconf 91' lang='lat' dir='ltr'>Postquam</span> <span class='ocrx_word' id='word_1_235' title='bbox 773 3748 841 3790; x_wconf 95' lang='lat' dir='ltr'>non</span> <span class='ocrx_word' id='word_1_236' title='bbox 858 3726 950 3790; x_wconf 91' lang='lat' dir='ltr'>utilis</span> <span class='ocrx_word' id='word_1_237' title='bbox 967 3726 1092 3792; x_wconf 79' lang='lat' dir='ltr'>auctor</span> <span class='ocrx_word' id='word_1_238' title='bbox 1112 3726 1114 3733; x_wconf 80' lang='grc'><strong>’</strong></span> 
     </span>
     <span class='ocr_line' id='line_1_34' title="bbox 114 3833 1161 3920; baseline -0.001 -24"><span class='ocrx_word' id='word_1_239' title='bbox 114 3833 258 3898; x_wconf 90' lang='lat' dir='ltr'>victibus</span> <span class='ocrx_word' id='word_1_240' title='bbox 274 3833 405 3907; x_wconf 87' lang='lat' dir='ltr'>invidit,</span> <span class='ocrx_word' id='word_1_241' title='bbox 425 3833 579 3920; x_wconf 89' lang='lat' dir='ltr'>quisquis</span> <span class='ocrx_word' id='word_1_242' title='bbox 595 3833 657 3898; x_wconf 87' lang='lat' dir='ltr'>suit</span> <span class='ocrx_word' id='word_1_243' title='bbox 671 3833 741 3910; x_wconf 90' lang='lat' dir='ltr'>ille,</span> <span class='ocrx_word' id='word_1_244' title='bbox 761 3833 925 3918; x_wconf 83' lang='lat' dir='ltr'>priorum,</span> <span class='ocrx_word' id='word_1_245' title='bbox 986 3888 992 3895; x_wconf 92' lang='lat'><em>.</em></span> <span class='ocrx_word' id='word_1_246' title='bbox 1050 3890 1054 3897; x_wconf 90' lang='lat'><em>.</em></span> <span class='ocrx_word' id='word_1_247' title='bbox 1113 3834 1161 3915; x_wconf 36' lang='grc' dir='ltr'>,ᾗ</span> 
     </span>
     <span class='ocr_line' id='line_1_35' title="bbox 104 3938 1165 4030; baseline 0.007 -29"><span class='ocrx_word' id='word_1_248' title='bbox 104 3956 363 4030; x_wconf 87' lang='lat' dir='ltr'>corporeasque</span> <span class='ocrx_word' id='word_1_249' title='bbox 380 3941 491 4030; x_wconf 90' lang='lat' dir='ltr'>dapes</span> <span class='ocrx_word' id='word_1_250' title='bbox 509 3940 651 4022; x_wconf 83' lang='lat' dir='ltr'>avidam</span> <span class='ocrx_word' id='word_1_251' title='bbox 666 3938 911 4017; x_wconf 77' lang='lat' dir='ltr'>demersitina</span> <span class='ocrx_word' id='word_1_252' title='bbox 957 3954 1010 3968; x_wconf 65' lang='lat'>·*·</span> <span class='ocrx_word' id='word_1_253' title='bbox 1086 3948 1165 4008; x_wconf 66' lang='lat' dir='ltr'>&#39;mc</span> 
     </span>
    </p>
   </div>
   <div class='ocr_carea' id='block_1_3' title="bbox 0 0 1232 4214">
    <p class='ocr_par' dir='ltr' id='par_1_8' title="bbox 0 0 1232 4214">
     <span class='ocr_line' id='line_1_36' title="bbox 0 0 1232 4214; baseline 0 0"><span class='ocrx_word' id='word_1_254' title='bbox 0 0 1232 4214; x_wconf 95' lang='lat' dir='ltr'> </span> 
     </span>
    </p>
   </div>
  </div>
 </body>
</html>
