<?xml version="1.0" encoding="UTF-8"?>
<!DOCTYPE html PUBLIC "-//W3C//DTD XHTML 1.0 Transitional//EN"
    "http://www.w3.org/TR/xhtml1/DTD/xhtml1-transitional.dtd">
<html xmlns="http://www.w3.org/1999/xhtml" xml:lang="en" lang="en">
 <head>
  <title>
</title>
<meta http-equiv="Content-Type" content="text/html;charset=utf-8" />
  <meta name='ocr-system' content='tesseract 3.04.00' />
  <meta name='ocr-capabilities' content='ocr_page ocr_carea ocr_par ocr_line ocrx_word'/>
</head>
<body>
  <div class='ocr_page' id='page_1' title='image "./publiovidiinaso00allegoog_0250.png"; bbox 0 0 2490 4208; ppageno 0'>
   <div class='ocr_carea' id='block_1_1' title="bbox 99 141 1153 276">
    <p class='ocr_par' dir='ltr' id='par_1_1' title="bbox 99 141 1153 276">
     <span class='ocr_line' id='line_1_1' title="bbox 99 141 1153 276; baseline -0.017 -15"><span class='ocrx_word' id='word_1_1' title='bbox 99 204 249 276; x_wconf 84' lang='lat' dir='ltr'>X1.169.]</span> <span class='ocrx_word' id='word_1_2' title='bbox 345 186 484 254; x_wconf 84' lang='lat' dir='ltr'>Contest</span> <span class='ocrx_word' id='word_1_3' title='bbox 506 187 555 272; x_wconf 87' lang='lat' dir='ltr'>os</span> <span class='ocrx_word' id='word_1_4' title='bbox 566 185 646 252; x_wconf 82' lang='lat' dir='ltr'>Pan</span> <span class='ocrx_word' id='word_1_5' title='bbox 669 185 744 250; x_wconf 82' lang='lat' dir='ltr'>and</span> <span class='ocrx_word' id='word_1_6' title='bbox 763 141 905 271; x_wconf 68' lang='lat' dir='ltr'>Apollo.</span> <span class='ocrx_word' id='word_1_7' title='bbox 1088 197 1153 266; x_wconf 91' lang='lat'>109</span> 
     </span>
    </p>
   </div>
   <div class='ocr_carea' id='block_1_2' title="bbox 90 380 1151 3981">
    <p class='ocr_par' dir='ltr' id='par_1_2' title="bbox 102 380 963 470">
     <span class='ocr_line' id='line_1_2' title="bbox 102 380 963 470; baseline -0.003 -22"><span class='ocrx_word' id='word_1_8' title='bbox 102 383 229 450; x_wconf 90' lang='lat' dir='ltr'>‘Neve</span> <span class='ocrx_word' id='word_1_9' title='bbox 245 385 335 450; x_wconf 92' lang='lat' dir='ltr'>male</span> <span class='ocrx_word' id='word_1_10' title='bbox 350 394 465 470; x_wconf 90' lang='lat' dir='ltr'>optato</span> <span class='ocrx_word' id='word_1_11' title='bbox 481 404 624 449; x_wconf 89' lang='lat' dir='ltr'>maneas</span> <span class='ocrx_word' id='word_1_12' title='bbox 641 380 850 447; x_wconf 89' lang='lat' dir='ltr'>circumlitus</span> <span class='ocrx_word' id='word_1_13' title='bbox 867 399 963 455; x_wconf 91' lang='lat' dir='ltr'>auro,</span> 
     </span>
    </p>

    <p class='ocr_par' dir='ltr' id='par_1_3' title="bbox 98 487 1028 578">
     <span class='ocr_line' id='line_1_3' title="bbox 98 487 1028 578; baseline -0.003 -24"><span class='ocrx_word' id='word_1_14' title='bbox 98 491 209 556; x_wconf 90' lang='lat' dir='ltr'>vade&#39;</span> <span class='ocrx_word' id='word_1_15' title='bbox 225 492 272 556; x_wconf 89' lang='lat' dir='ltr'>ait</span> <span class='ocrx_word' id='word_1_16' title='bbox 288 491 356 556; x_wconf 82' lang='lat' dir='ltr'>‘ad</span> <span class='ocrx_word' id='word_1_17' title='bbox 372 490 509 578; x_wconf 90' lang='lat' dir='ltr'>magnis</span> <span class='ocrx_word' id='word_1_18' title='bbox 524 490 675 554; x_wconf 87' lang='lat' dir='ltr'>vicinum</span> <span class='ocrx_word' id='word_1_19' title='bbox 692 487 859 553; x_wconf 84' lang='lat' dir='ltr'>Sardibus</span> <span class='ocrx_word' id='word_1_20' title='bbox 877 506 1028 562; x_wconf 88' lang='lat' dir='ltr'>amnem,</span> 
     </span>
    </p>

    <p class='ocr_par' dir='ltr' id='par_1_4' title="bbox 99 593 971 686">
     <span class='ocr_line' id='line_1_4' title="bbox 99 593 971 686; baseline -0.005 -24"><span class='ocrx_word' id='word_1_21' title='bbox 99 617 230 683; x_wconf 87' lang='lat' dir='ltr'>perque</span> <span class='ocrx_word' id='word_1_22' title='bbox 242 597 365 686; x_wconf 89' lang='lat' dir='ltr'>jugum</span> <span class='ocrx_word' id='word_1_23' title='bbox 383 597 506 662; x_wconf 88' lang='lat' dir='ltr'>montis</span> <span class='ocrx_word' id='word_1_24' title='bbox 522 595 716 660; x_wconf 87' lang='lat' dir='ltr'>labentibus</span> <span class='ocrx_word' id='word_1_25' title='bbox 731 594 852 658; x_wconf 91' lang='lat' dir='ltr'>obvius</span> <span class='ocrx_word' id='word_1_26' title='bbox 869 593 971 658; x_wconf 90' lang='lat' dir='ltr'>undis</span> 
     </span>
    </p>

    <p class='ocr_par' dir='ltr' id='par_1_5' title="bbox 100 699 950 788">
     <span class='ocr_line' id='line_1_5' title="bbox 100 699 950 788; baseline -0.004 -20"><span class='ocrx_word' id='word_1_27' title='bbox 100 722 205 788; x_wconf 89' lang='lat' dir='ltr'>carpe</span> <span class='ocrx_word' id='word_1_28' title='bbox 220 703 326 779; x_wconf 90' lang='lat' dir='ltr'>viam,</span> <span class='ocrx_word' id='word_1_29' title='bbox 344 704 455 768; x_wconf 92' lang='lat' dir='ltr'>donec</span> <span class='ocrx_word' id='word_1_30' title='bbox 470 702 589 767; x_wconf 88' lang='lat' dir='ltr'>venias</span> <span class='ocrx_word' id='word_1_31' title='bbox 607 703 650 767; x_wconf 90' lang='lat' dir='ltr'>ad</span> <span class='ocrx_word' id='word_1_32' title='bbox 667 699 818 765; x_wconf 90' lang='lat' dir='ltr'>fluminis</span> <span class='ocrx_word' id='word_1_33' title='bbox 836 714 950 773; x_wconf 82' lang='lat' dir='ltr'>ortus3</span> 
     </span>
    </p>

    <p class='ocr_par' dir='ltr' id='par_1_6' title="bbox 99 807 1151 897">
     <span class='ocr_line' id='line_1_6' title="bbox 99 807 1151 897; baseline -0.002 -23"><span class='ocrx_word' id='word_1_34' title='bbox 99 809 367 897; x_wconf 87' lang='lat' dir='ltr'>spumigeroque</span> <span class='ocrx_word' id='word_1_35' title='bbox 382 820 478 873; x_wconf 88' lang='lat' dir='ltr'>tuum</span> <span class='ocrx_word' id='word_1_36' title='bbox 495 809 592 882; x_wconf 90' lang='lat' dir='ltr'>sonti,</span> <span class='ocrx_word' id='word_1_37' title='bbox 611 829 679 893; x_wconf 93' lang='lat' dir='ltr'>quo</span> <span class='ocrx_word' id='word_1_38' title='bbox 696 807 863 891; x_wconf 91' lang='lat' dir='ltr'>plurimus</span> <span class='ocrx_word' id='word_1_39' title='bbox 880 807 962 883; x_wconf 83' lang='lat' dir='ltr'>exit,</span> <span class='ocrx_word' id='word_1_40' title='bbox 1102 840 1151 892; x_wconf 89' lang='lat'>¹40</span> 
     </span>
    </p>

    <p class='ocr_par' dir='ltr' id='par_1_7' title="bbox 99 913 1069 1001">
     <span class='ocr_line' id='line_1_7' title="bbox 99 913 1069 1001; baseline 0 -21"><span class='ocrx_word' id='word_1_41' title='bbox 99 916 208 981; x_wconf 84' lang='lat' dir='ltr'>subde</span> <span class='ocrx_word' id='word_1_42' title='bbox 224 926 340 1000; x_wconf 88' lang='lat' dir='ltr'>caput,</span> <span class='ocrx_word' id='word_1_43' title='bbox 358 935 550 1001; x_wconf 87' lang='lat' dir='ltr'>corpusque</span> <span class='ocrx_word' id='word_1_44' title='bbox 567 914 683 986; x_wconf 78' lang='lat' dir='ltr'>simul,</span> <span class='ocrx_word' id='word_1_45' title='bbox 701 913 803 978; x_wconf 89' lang='lat' dir='ltr'>simul</span> <span class='ocrx_word' id='word_1_46' title='bbox 821 915 897 980; x_wconf 93' lang='lat' dir='ltr'>elue</span> <span class='ocrx_word' id='word_1_47' title='bbox 915 914 1069 980; x_wconf 92' lang='lat' dir='ltr'>crimen.&#39;</span> 
     </span>
    </p>

    <p class='ocr_par' dir='ltr' id='par_1_8' title="bbox 98 1018 949 1110">
     <span class='ocr_line' id='line_1_8' title="bbox 98 1018 949 1110; baseline -0.001 -24"><span class='ocrx_word' id='word_1_48' title='bbox 98 1043 162 1087; x_wconf 89' lang='lat' dir='ltr'>rex</span> <span class='ocrx_word' id='word_1_49' title='bbox 174 1021 292 1110; x_wconf 86' lang='lat' dir='ltr'>jussae</span> <span class='ocrx_word' id='word_1_50' title='bbox 308 1021 460 1086; x_wconf 81' lang='lat' dir='ltr'><strong>succedit</strong></span> <span class='ocrx_word' id='word_1_51' title='bbox 476 1041 598 1107; x_wconf 91' lang='lat' dir='ltr'>aquae.</span> <span class='ocrx_word' id='word_1_52' title='bbox 647 1018 711 1096; x_wconf 90' lang='lat' dir='ltr'>Vis</span> <span class='ocrx_word' id='word_1_53' title='bbox 729 1040 834 1085; x_wconf 91' lang='lat' dir='ltr'>aurea</span> <span class='ocrx_word' id='word_1_54' title='bbox 850 1021 949 1085; x_wconf 84' lang='lat' dir='ltr'>tinxit</span> 
     </span>
    </p>

    <p class='ocr_par' dir='ltr' id='par_1_9' title="bbox 97 1127 1012 1212">
     <span class='ocr_line' id='line_1_9' title="bbox 97 1127 1012 1212; baseline 0.001 -21"><span class='ocrx_word' id='word_1_55' title='bbox 97 1127 241 1204; x_wconf 90' lang='lat' dir='ltr'>flumen,</span> <span class='ocrx_word' id='word_1_56' title='bbox 260 1139 292 1193; x_wconf 90' lang='lat' dir='ltr'>et</span> <span class='ocrx_word' id='word_1_57' title='bbox 307 1129 459 1193; x_wconf 92' lang='lat' dir='ltr'>humano</span> <span class='ocrx_word' id='word_1_58' title='bbox 475 1128 518 1192; x_wconf 91' lang='lat' dir='ltr'>de</span> <span class='ocrx_word' id='word_1_59' title='bbox 535 1147 678 1212; x_wconf 91' lang='lat' dir='ltr'>corpore</span> <span class='ocrx_word' id='word_1_60' title='bbox 695 1129 796 1193; x_wconf 86' lang='lat' dir='ltr'>cessit</span> <span class='ocrx_word' id='word_1_61' title='bbox 812 1129 845 1192; x_wconf 93' lang='lat' dir='ltr'>in</span> <span class='ocrx_word' id='word_1_62' title='bbox 862 1150 1012 1193; x_wconf 87' lang='lat' dir='ltr'>amnem.</span> 
     </span>
    </p>

    <p class='ocr_par' dir='ltr' id='par_1_10' title="bbox 97 1233 1021 1322">
     <span class='ocr_line' id='line_1_10' title="bbox 97 1233 1021 1322; baseline 0.002 -23"><span class='ocrx_word' id='word_1_63' title='bbox 97 1255 192 1299; x_wconf 90' lang='lat' dir='ltr'>nunc</span> <span class='ocrx_word' id='word_1_64' title='bbox 206 1254 343 1322; x_wconf 90' lang='lat' dir='ltr'>quoque</span> <span class='ocrx_word' id='word_1_65' title='bbox 356 1233 428 1322; x_wconf 89' lang='lat' dir='ltr'>jam</span> <span class='ocrx_word' id='word_1_66' title='bbox 445 1233 570 1298; x_wconf 90' lang='lat' dir='ltr'>veteris</span> <span class='ocrx_word' id='word_1_67' title='bbox 586 1246 749 1321; x_wconf 89' lang='lat' dir='ltr'>percepto</span> <span class='ocrx_word' id='word_1_68' title='bbox 766 1235 896 1300; x_wconf 90' lang='lat' dir='ltr'>semine</span> <span class='ocrx_word' id='word_1_69' title='bbox 912 1257 1021 1301; x_wconf 87' lang='lat' dir='ltr'>venae</span> 
     </span>
    </p>

    <p class='ocr_par' dir='ltr' id='par_1_11' title="bbox 98 1340 1149 1532">
     <span class='ocr_line' id='line_1_11' title="bbox 98 1340 1149 1430; baseline 0.007 -25"><span class='ocrx_word' id='word_1_70' title='bbox 98 1361 182 1427; x_wconf 86' lang='lat' dir='ltr'>arva</span> <span class='ocrx_word' id='word_1_71' title='bbox 199 1341 312 1429; x_wconf 92' lang='lat' dir='ltr'>rigent</span> <span class='ocrx_word' id='word_1_72' title='bbox 328 1361 411 1406; x_wconf 90' lang='lat' dir='ltr'>auro</span> <span class='ocrx_word' id='word_1_73' title='bbox 428 1340 576 1405; x_wconf 88' lang='lat' dir='ltr'>madidis</span> <span class='ocrx_word' id='word_1_74' title='bbox 592 1341 756 1426; x_wconf 89' lang='lat' dir='ltr'>pallentia</span> <span class='ocrx_word' id='word_1_75' title='bbox 772 1342 896 1430; x_wconf 87' lang='lat' dir='ltr'>glebis.</span> <span class='ocrx_word' id='word_1_76' title='bbox 1100 1373 1149 1428; x_wconf 80' lang='lat'>145</span> 
     </span>
     <span class='ocr_line' id='line_1_12' title="bbox 143 1447 926 1532; baseline 0.004 -21"><span class='ocrx_word' id='word_1_77' title='bbox 143 1447 222 1523; x_wconf 90' lang='lat' dir='ltr'>Ille,</span> <span class='ocrx_word' id='word_1_78' title='bbox 239 1467 382 1532; x_wconf 87' lang='lat' dir='ltr'>perosus</span> <span class='ocrx_word' id='word_1_79' title='bbox 398 1468 495 1532; x_wconf 92' lang='lat' dir='ltr'>opes,</span> <span class='ocrx_word' id='word_1_80' title='bbox 514 1447 617 1512; x_wconf 87' lang='lat' dir='ltr'>silvas</span> <span class='ocrx_word' id='word_1_81' title='bbox 634 1459 666 1512; x_wconf 89' lang='lat' dir='ltr'>et</span> <span class='ocrx_word' id='word_1_82' title='bbox 682 1469 762 1514; x_wconf 93' lang='lat' dir='ltr'>rura</span> <span class='ocrx_word' id='word_1_83' title='bbox 779 1450 926 1524; x_wconf 88' lang='lat' dir='ltr'>colebat,</span> 
     </span>
    </p>

    <p class='ocr_par' dir='ltr' id='par_1_12' title="bbox 98 1551 1133 1640">
     <span class='ocr_line' id='line_1_13' title="bbox 98 1551 1133 1640; baseline 0.003 -22"><span class='ocrx_word' id='word_1_84' title='bbox 98 1551 265 1640; x_wconf 86' lang='lat' dir='ltr'>Panaque</span> <span class='ocrx_word' id='word_1_85' title='bbox 281 1554 452 1620; x_wconf 88' lang='lat' dir='ltr'>montanis</span> <span class='ocrx_word' id='word_1_86' title='bbox 468 1554 678 1619; x_wconf 84' lang='lat' dir='ltr'>habitantem</span> <span class='ocrx_word' id='word_1_87' title='bbox 696 1575 832 1640; x_wconf 87' lang='lat' dir='ltr'><strong>semper</strong></span> <span class='ocrx_word' id='word_1_88' title='bbox 848 1556 884 1620; x_wconf 89' lang='lat' dir='ltr'>in</span> <span class='ocrx_word' id='word_1_89' title='bbox 901 1556 1019 1622; x_wconf 83' lang='lat' dir='ltr'>antris.</span> <span class='ocrx_word' id='word_1_90' title='bbox 1131 1593 1133 1597; x_wconf 31' lang='grc' dir='ltr'><em>ν</em></span> 
     </span>
    </p>

    <p class='ocr_par' dir='ltr' id='par_1_13' title="bbox 97 1660 1086 1750">
     <span class='ocr_line' id='line_1_14' title="bbox 97 1660 1086 1750; baseline 0.004 -26"><span class='ocrx_word' id='word_1_91' title='bbox 97 1660 228 1748; x_wconf 85' lang='lat' dir='ltr'>pingue</span> <span class='ocrx_word' id='word_1_92' title='bbox 244 1660 305 1726; x_wconf 87' lang='lat' dir='ltr'>sed</span> <span class='ocrx_word' id='word_1_93' title='bbox 322 1660 503 1748; x_wconf 85' lang='lat' dir='ltr'>ingenium</span> <span class='ocrx_word' id='word_1_94' title='bbox 518 1662 662 1734; x_wconf 90' lang='lat' dir='ltr'>mansit;</span> <span class='ocrx_word' id='word_1_95' title='bbox 688 1662 923 1750; x_wconf 90' lang='lat' dir='ltr'>nocituraque,</span> <span class='ocrx_word' id='word_1_96' title='bbox 942 1674 978 1727; x_wconf 90' lang='lat' dir='ltr'>ut</span> <span class='ocrx_word' id='word_1_97' title='bbox 994 1675 1086 1740; x_wconf 88' lang='lat' dir='ltr'>ante,</span> 
     </span>
    </p>

    <p class='ocr_par' dir='ltr' id='par_1_14' title="bbox 96 1765 1010 1851">
     <span class='ocr_line' id='line_1_15' title="bbox 96 1765 1010 1851; baseline 0 -21"><span class='ocrx_word' id='word_1_98' title='bbox 96 1786 216 1830; x_wconf 87' lang='lat' dir='ltr'>rursus</span> <span class='ocrx_word' id='word_1_99' title='bbox 231 1775 329 1830; x_wconf 90' lang='lat' dir='ltr'>erant</span> <span class='ocrx_word' id='word_1_100' title='bbox 344 1765 483 1830; x_wconf 91' lang='lat' dir='ltr'>domino</span> <span class='ocrx_word' id='word_1_101' title='bbox 499 1766 642 1830; x_wconf 87' lang='lat' dir='ltr'>stolidae</span> <span class='ocrx_word' id='word_1_102' title='bbox 658 1766 859 1851; x_wconf 92' lang='lat' dir='ltr'>praecordia</span> <span class='ocrx_word' id='word_1_103' title='bbox 876 1767 1010 1832; x_wconf 91' lang='lat' dir='ltr'>mentis.</span> 
     </span>
    </p>

    <p class='ocr_par' dir='ltr' id='par_1_15' title="bbox 96 1871 1148 1960">
     <span class='ocr_line' id='line_1_16' title="bbox 96 1871 1148 1960; baseline 0.002 -24"><span class='ocrx_word' id='word_1_104' title='bbox 96 1893 178 1936; x_wconf 89' lang='lat' dir='ltr'>nam</span> <span class='ocrx_word' id='word_1_105' title='bbox 196 1873 281 1937; x_wconf 88' lang='lat' dir='ltr'>freta</span> <span class='ocrx_word' id='word_1_106' title='bbox 297 1871 509 1958; x_wconf 88' lang='lat' dir='ltr'>prospiciens</span> <span class='ocrx_word' id='word_1_107' title='bbox 526 1873 592 1937; x_wconf 92' lang='lat' dir='ltr'>late</span> <span class='ocrx_word' id='word_1_108' title='bbox 609 1873 698 1959; x_wconf 91' lang='lat' dir='ltr'>riget</span> <span class='ocrx_word' id='word_1_109' title='bbox 715 1873 842 1938; x_wconf 89' lang='lat' dir='ltr'>arduus</span> <span class='ocrx_word' id='word_1_110' title='bbox 859 1875 928 1938; x_wconf 89' lang='lat' dir='ltr'>alto</span> <span class='ocrx_word' id='word_1_111' title='bbox 1099 1905 1148 1960; x_wconf 78' lang='lat'>150</span> 
     </span>
    </p>

    <p class='ocr_par' dir='ltr' id='par_1_16' title="bbox 96 1977 982 2067">
     <span class='ocr_line' id='line_1_17' title="bbox 96 1977 982 2067; baseline 0.003 -24"><span class='ocrx_word' id='word_1_112' title='bbox 96 1977 244 2046; x_wconf 91' lang='lat' dir='ltr'>Tmolus</span> <span class='ocrx_word' id='word_1_113' title='bbox 258 1978 295 2044; x_wconf 90' lang='lat' dir='ltr'>in</span> <span class='ocrx_word' id='word_1_114' title='bbox 311 1999 469 2053; x_wconf 88' lang='lat' dir='ltr'>ascensu,</span> <span class='ocrx_word' id='word_1_115' title='bbox 489 1979 645 2065; x_wconf 88' lang='lat' dir='ltr'>clivoque</span> <span class='ocrx_word' id='word_1_116' title='bbox 661 1990 823 2045; x_wconf 87' lang='lat' dir='ltr'>extensus</span> <span class='ocrx_word' id='word_1_117' title='bbox 839 1991 982 2067; x_wconf 89' lang='lat' dir='ltr'>utroque</span> 
     </span>
    </p>

    <p class='ocr_par' dir='ltr' id='par_1_17' title="bbox 97 2084 958 2173">
     <span class='ocr_line' id='line_1_18' title="bbox 97 2084 958 2173; baseline -0.002 -22"><span class='ocrx_word' id='word_1_118' title='bbox 97 2084 265 2151; x_wconf 86' lang='lat' dir='ltr'>Sardibus</span> <span class='ocrx_word' id='word_1_119' title='bbox 280 2086 375 2161; x_wconf 91' lang='lat' dir='ltr'>hinc,</span> <span class='ocrx_word' id='word_1_120' title='bbox 392 2085 489 2151; x_wconf 88' lang='lat' dir='ltr'>illinc</span> <span class='ocrx_word' id='word_1_121' title='bbox 503 2085 618 2170; x_wconf 90' lang='lat' dir='ltr'>parvis</span> <span class='ocrx_word' id='word_1_122' title='bbox 634 2086 749 2151; x_wconf 90' lang='lat' dir='ltr'>finitur</span> <span class='ocrx_word' id='word_1_123' title='bbox 765 2085 958 2173; x_wconf 90' lang='lat' dir='ltr'>Hypaepis.</span> 
     </span>
    </p>

    <p class='ocr_par' dir='ltr' id='par_1_18' title="bbox 96 2191 1032 2280">
     <span class='ocr_line' id='line_1_19' title="bbox 96 2191 1032 2280; baseline 0.002 -22"><span class='ocrx_word' id='word_1_124' title='bbox 96 2191 235 2263; x_wconf 84' lang='lat' dir='ltr'>Pauibi</span> <span class='ocrx_word' id='word_1_125' title='bbox 251 2193 333 2259; x_wconf 89' lang='lat' dir='ltr'>dum</span> <span class='ocrx_word' id='word_1_126' title='bbox 349 2193 475 2258; x_wconf 90' lang='lat' dir='ltr'>teneris</span> <span class='ocrx_word' id='word_1_127' title='bbox 487 2193 592 2280; x_wconf 88' lang='lat' dir='ltr'>jactat</span> <span class='ocrx_word' id='word_1_128' title='bbox 608 2214 670 2258; x_wconf 91' lang='lat' dir='ltr'>sua</span> <span class='ocrx_word' id='word_1_129' title='bbox 686 2194 838 2258; x_wconf 89' lang='lat' dir='ltr'>carmina</span> <span class='ocrx_word' id='word_1_130' title='bbox 856 2194 1032 2280; x_wconf 76' lang='lat' dir='ltr'>nymphiS,</span> 
     </span>
    </p>

    <p class='ocr_par' dir='ltr' id='par_1_19' title="bbox 95 2299 914 2376">
     <span class='ocr_line' id='line_1_20' title="bbox 95 2299 914 2376; baseline 0 -10"><span class='ocrx_word' id='word_1_131' title='bbox 95 2311 130 2366; x_wconf 89' lang='lat' dir='ltr'>et</span> <span class='ocrx_word' id='word_1_132' title='bbox 145 2301 222 2365; x_wconf 90' lang='lat' dir='ltr'>leve</span> <span class='ocrx_word' id='word_1_133' title='bbox 238 2311 353 2366; x_wconf 89' lang='lat' dir='ltr'>cerata</span> <span class='ocrx_word' id='word_1_134' title='bbox 368 2299 562 2364; x_wconf 90' lang='lat' dir='ltr'>modulatur</span> <span class='ocrx_word' id='word_1_135' title='bbox 578 2300 745 2365; x_wconf 90' lang='lat' dir='ltr'>arundine</span> <span class='ocrx_word' id='word_1_136' title='bbox 761 2321 914 2376; x_wconf 88' lang='lat' dir='ltr'>carmen,</span> 
     </span>
    </p>

    <p class='ocr_par' dir='ltr' id='par_1_20' title="bbox 96 2405 1145 2495">
     <span class='ocr_line' id='line_1_21' title="bbox 96 2405 1145 2495; baseline -0.001 -22"><span class='ocrx_word' id='word_1_137' title='bbox 96 2428 202 2473; x_wconf 90' lang='lat' dir='ltr'>ausus</span> <span class='ocrx_word' id='word_1_138' title='bbox 217 2405 421 2493; x_wconf 87' lang='lat' dir='ltr'>Apollineos</span> <span class='ocrx_word' id='word_1_139' title='bbox 437 2426 520 2491; x_wconf 87' lang='lat' dir='ltr'>prae</span> <span class='ocrx_word' id='word_1_140' title='bbox 536 2427 574 2471; x_wconf 90' lang='lat' dir='ltr'>se</span> <span class='ocrx_word' id='word_1_141' title='bbox 591 2418 808 2472; x_wconf 89' lang='lat' dir='ltr'>contemnere</span> <span class='ocrx_word' id='word_1_142' title='bbox 825 2419 958 2484; x_wconf 89' lang='lat' dir='ltr'>cantus,</span> <span class='ocrx_word' id='word_1_143' title='bbox 1099 2439 1145 2495; x_wconf 77' lang='lat'>155</span> 
     </span>
    </p>

    <p class='ocr_par' dir='ltr' id='par_1_21' title="bbox 90 2513 996 2604">
     <span class='ocr_line' id='line_1_22' title="bbox 90 2513 996 2604; baseline -0.001 -25"><span class='ocrx_word' id='word_1_144' title='bbox 90 2514 211 2604; x_wconf 82' lang='lat' dir='ltr'>judice</span> <span class='ocrx_word' id='word_1_145' title='bbox 232 2514 297 2579; x_wconf 87' lang='lat' dir='ltr'>sub</span> <span class='ocrx_word' id='word_1_146' title='bbox 318 2513 446 2579; x_wconf 92' lang='lat' dir='ltr'>Tmolo</span> <span class='ocrx_word' id='word_1_147' title='bbox 461 2524 634 2578; x_wconf 90' lang='lat' dir='ltr'>certarnen</span> <span class='ocrx_word' id='word_1_148' title='bbox 651 2513 743 2577; x_wconf 86' lang='lat' dir='ltr'>venit</span> <span class='ocrx_word' id='word_1_149' title='bbox 760 2514 803 2578; x_wconf 93' lang='lat' dir='ltr'>ad</span> <span class='ocrx_word' id='word_1_150' title='bbox 820 2514 944 2598; x_wconf 90' lang='lat' dir='ltr'>impar.</span> <span class='ocrx_word' id='word_1_151' title='bbox 993 2585 996 2590; x_wconf 60' lang='grc'><strong>,</strong></span> 
     </span>
    </p>

    <p class='ocr_par' dir='ltr' id='par_1_22' title="bbox 114 2619 941 2708">
     <span class='ocr_line' id='line_1_23' title="bbox 114 2619 941 2708; baseline -0.002 -21"><span class='ocrx_word' id='word_1_152' title='bbox 114 2633 115 2636; x_wconf 76' lang='grc'>’</span> <span class='ocrx_word' id='word_1_153' title='bbox 141 2621 262 2688; x_wconf 92' lang='lat' dir='ltr'>Monte</span> <span class='ocrx_word' id='word_1_154' title='bbox 278 2642 342 2687; x_wconf 88' lang='lat' dir='ltr'>suo</span> <span class='ocrx_word' id='word_1_155' title='bbox 357 2620 471 2687; x_wconf 90' lang='lat' dir='ltr'>senior</span> <span class='ocrx_word' id='word_1_156' title='bbox 483 2619 592 2708; x_wconf 89' lang='lat' dir='ltr'>judex</span> <span class='ocrx_word' id='word_1_157' title='bbox 608 2620 773 2695; x_wconf 86' lang='lat' dir='ltr'>consedit,</span> <span class='ocrx_word' id='word_1_158' title='bbox 791 2631 825 2685; x_wconf 90' lang='lat' dir='ltr'>et</span> <span class='ocrx_word' id='word_1_159' title='bbox 840 2641 941 2686; x_wconf 88' lang='lat' dir='ltr'>aures</span> 
     </span>
    </p>

    <p class='ocr_par' dir='ltr' id='par_1_23' title="bbox 93 2728 1005 2815">
     <span class='ocr_line' id='line_1_24' title="bbox 93 2728 1005 2815; baseline -0.003 -20"><span class='ocrx_word' id='word_1_160' title='bbox 93 2729 220 2795; x_wconf 90' lang='lat' dir='ltr'>liberat</span> <span class='ocrx_word' id='word_1_161' title='bbox 234 2728 433 2795; x_wconf 84' lang='lat' dir='ltr'>arboribus:</span> <span class='ocrx_word' id='word_1_162' title='bbox 457 2748 588 2815; x_wconf 89' lang='lat' dir='ltr'>quercu</span> <span class='ocrx_word' id='word_1_163' title='bbox 604 2747 704 2792; x_wconf 91' lang='lat' dir='ltr'>coma</span> <span class='ocrx_word' id='word_1_164' title='bbox 719 2728 859 2792; x_wconf 90' lang='lat' dir='ltr'>caerula</span> <span class='ocrx_word' id='word_1_165' title='bbox 875 2740 1005 2792; x_wconf 91' lang='lat' dir='ltr'>tantum</span> 
     </span>
    </p>

    <p class='ocr_par' dir='ltr' id='par_1_24' title="bbox 94 2831 1072 2921">
     <span class='ocr_line' id='line_1_25' title="bbox 94 2831 1072 2921; baseline -0.006 -21"><span class='ocrx_word' id='word_1_166' title='bbox 94 2832 259 2921; x_wconf 86' lang='lat' dir='ltr'>cingitur,</span> <span class='ocrx_word' id='word_1_167' title='bbox 276 2842 310 2897; x_wconf 85' lang='lat' dir='ltr'>et</span> <span class='ocrx_word' id='word_1_168' title='bbox 325 2832 475 2918; x_wconf 91' lang='lat' dir='ltr'>pendent</span> <span class='ocrx_word' id='word_1_169' title='bbox 492 2831 621 2896; x_wconf 89' lang='lat' dir='ltr'>circum</span> <span class='ocrx_word' id='word_1_170' title='bbox 640 2850 726 2895; x_wconf 91' lang='lat' dir='ltr'>cava</span> <span class='ocrx_word' id='word_1_171' title='bbox 741 2840 896 2915; x_wconf 91' lang='lat' dir='ltr'>tempora</span> <span class='ocrx_word' id='word_1_172' title='bbox 913 2832 1072 2918; x_wconf 83' lang='lat' dir='ltr'>glandes.</span> 
     </span>
    </p>

    <p class='ocr_par' dir='ltr' id='par_1_25' title="bbox 93 2937 1146 3027">
     <span class='ocr_line' id='line_1_26' title="bbox 93 2937 1146 3027; baseline -0.004 -22"><span class='ocrx_word' id='word_1_173' title='bbox 93 2940 194 3027; x_wconf 85' lang='lat' dir='ltr'>isque</span> <span class='ocrx_word' id='word_1_174' title='bbox 209 2939 313 3004; x_wconf 90' lang='lat' dir='ltr'>deum</span> <span class='ocrx_word' id='word_1_175' title='bbox 329 2938 461 3024; x_wconf 88' lang='lat' dir='ltr'>pecoris</span> <span class='ocrx_word' id='word_1_176' title='bbox 479 2951 652 3024; x_wconf 89' lang='lat' dir='ltr'>spectans,</span> <span class='ocrx_word' id='word_1_177' title='bbox 672 2937 735 3002; x_wconf 88' lang='lat' dir='ltr'>‘In</span> <span class='ocrx_word' id='word_1_178' title='bbox 750 2937 886 3026; x_wconf 86' lang='lat' dir='ltr'>judice’</span> <span class='ocrx_word' id='word_1_179' title='bbox 901 2938 987 3002; x_wconf 87' lang='lat' dir='ltr'>dixit</span> <span class='ocrx_word' id='word_1_180' title='bbox 1096 2953 1146 3009; x_wconf 82' lang='lat'>160</span> 
     </span>
    </p>

    <p class='ocr_par' dir='ltr' id='par_1_26' title="bbox 95 3044 1075 3134">
     <span class='ocr_line' id='line_1_27' title="bbox 95 3044 1075 3134; baseline -0.003 -24"><span class='ocrx_word' id='word_1_181' title='bbox 95 3058 105 3089; x_wconf 78' lang='lat'><strong><em>⁶</em></strong></span> <span class='ocrx_word' id='word_1_182' title='bbox 121 3046 218 3111; x_wconf 90' lang='lat' dir='ltr'>nulla</span> <span class='ocrx_word' id='word_1_183' title='bbox 235 3065 330 3109; x_wconf 90' lang='lat' dir='ltr'>mora</span> <span class='ocrx_word' id='word_1_184' title='bbox 346 3045 422 3110; x_wconf 90' lang='lat' dir='ltr'>est.’</span> <span class='ocrx_word' id='word_1_185' title='bbox 468 3044 622 3112; x_wconf 87' lang='lat' dir='ltr'>Calamis</span> <span class='ocrx_word' id='word_1_186' title='bbox 640 3044 832 3134; x_wconf 88' lang='lat' dir='ltr'>agrestibus</span> <span class='ocrx_word' id='word_1_187' title='bbox 848 3044 983 3109; x_wconf 90' lang='lat' dir='ltr'>insonat</span> <span class='ocrx_word' id='word_1_188' title='bbox 998 3044 1075 3108; x_wconf 89' lang='lat' dir='ltr'>ille:</span> 
     </span>
    </p>

    <p class='ocr_par' dir='ltr' id='par_1_27' title="bbox 92 3149 1078 3238">
     <span class='ocr_line' id='line_1_28' title="bbox 92 3149 1078 3238; baseline -0.004 -18"><span class='ocrx_word' id='word_1_189' title='bbox 92 3152 344 3238; x_wconf 87' lang='lat' dir='ltr'>barbaricoque</span> <span class='ocrx_word' id='word_1_190' title='bbox 360 3151 483 3216; x_wconf 91' lang='lat' dir='ltr'>Midan</span> <span class='ocrx_word' id='word_1_191' title='bbox 495 3154 670 3218; x_wconf 88' lang='lat' dir='ltr'>—aderat</span> <span class='ocrx_word' id='word_1_192' title='bbox 686 3174 767 3218; x_wconf 90' lang='lat' dir='ltr'>nam</span> <span class='ocrx_word' id='word_1_193' title='bbox 782 3149 870 3218; x_wconf 63' lang='lat' dir='ltr'>&#39;forte</span> <span class='ocrx_word' id='word_1_194' title='bbox 887 3152 1021 3216; x_wconf 90' lang='lat' dir='ltr'>canenti</span> <span class='ocrx_word' id='word_1_195' title='bbox 1034 3188 1078 3200; x_wconf 90' lang='lat'>-</span> 
     </span>
    </p>

    <p class='ocr_par' dir='ltr' id='par_1_28' title="bbox 93 3257 985 3326">
     <span class='ocr_line' id='line_1_29' title="bbox 93 3257 985 3326; baseline -0.003 0"><span class='ocrx_word' id='word_1_196' title='bbox 93 3259 249 3326; x_wconf 88' lang='lat' dir='ltr'>carmine</span> <span class='ocrx_word' id='word_1_197' title='bbox 266 3257 404 3324; x_wconf 89' lang='lat' dir='ltr'>delenit.</span> <span class='ocrx_word' id='word_1_198' title='bbox 454 3257 536 3324; x_wconf 90' lang='lat' dir='ltr'>Post</span> <span class='ocrx_word' id='word_1_199' title='bbox 552 3260 644 3325; x_wconf 92' lang='lat' dir='ltr'>hunc</span> <span class='ocrx_word' id='word_1_200' title='bbox 660 3282 759 3326; x_wconf 90' lang='lat' dir='ltr'>sacer</span> <span class='ocrx_word' id='word_1_201' title='bbox 776 3281 835 3325; x_wconf 91' lang='lat' dir='ltr'>ora</span> <span class='ocrx_word' id='word_1_202' title='bbox 852 3258 985 3323; x_wconf 89' lang='lat' dir='ltr'>retorsit</span> 
     </span>
    </p>

    <p class='ocr_par' dir='ltr' id='par_1_29' title="bbox 91 3364 1144 3558">
     <span class='ocr_line' id='line_1_30' title="bbox 91 3364 1076 3434; baseline -0.002 -3"><span class='ocrx_word' id='word_1_203' title='bbox 91 3366 242 3432; x_wconf 87' lang='lat' dir='ltr'>Tmolus</span> <span class='ocrx_word' id='word_1_204' title='bbox 258 3365 303 3430; x_wconf 90' lang='lat' dir='ltr'>ad</span> <span class='ocrx_word' id='word_1_205' title='bbox 318 3387 356 3431; x_wconf 91' lang='lat' dir='ltr'>os</span> <span class='ocrx_word' id='word_1_206' title='bbox 372 3364 525 3430; x_wconf 89' lang='lat' dir='ltr'>Phoebi:</span> <span class='ocrx_word' id='word_1_207' title='bbox 550 3367 680 3431; x_wconf 92' lang='lat' dir='ltr'>vultum</span> <span class='ocrx_word' id='word_1_208' title='bbox 698 3389 760 3433; x_wconf 92' lang='lat' dir='ltr'>sua</span> <span class='ocrx_word' id='word_1_209' title='bbox 777 3369 863 3434; x_wconf 90' lang='lat' dir='ltr'>silva</span> <span class='ocrx_word' id='word_1_210' title='bbox 881 3378 997 3433; x_wconf 90' lang='lat' dir='ltr'>secuta</span> <span class='ocrx_word' id='word_1_211' title='bbox 1014 3376 1076 3432; x_wconf 89' lang='lat' dir='ltr'>est.</span> 
     </span>
     <span class='ocr_line' id='line_1_31' title="bbox 140 3470 1144 3558; baseline 0.005 -21"><span class='ocrx_word' id='word_1_212' title='bbox 140 3471 218 3547; x_wconf 92' lang='lat' dir='ltr'>Ille,</span> <span class='ocrx_word' id='word_1_213' title='bbox 237 3482 340 3556; x_wconf 90' lang='lat' dir='ltr'>caput</span> <span class='ocrx_word' id='word_1_214' title='bbox 354 3470 482 3535; x_wconf 88' lang='lat' dir='ltr'>flavum</span> <span class='ocrx_word' id='word_1_215' title='bbox 499 3471 597 3538; x_wconf 90' lang='lat' dir='ltr'>lauro</span> <span class='ocrx_word' id='word_1_216' title='bbox 614 3472 803 3540; x_wconf 89' lang='lat' dir='ltr'>Parnaside</span> <span class='ocrx_word' id='word_1_217' title='bbox 820 3476 968 3552; x_wconf 90' lang='lat' dir='ltr'>vinctus,</span> <span class='ocrx_word' id='word_1_218' title='bbox 1097 3488 1144 3558; x_wconf 81' lang='lat'>1⁶5</span> 
     </span>
    </p>

    <p class='ocr_par' dir='ltr' id='par_1_30' title="bbox 91 3578 927 3667">
     <span class='ocr_line' id='line_1_32' title="bbox 91 3578 927 3667; baseline 0.002 -22"><span class='ocrx_word' id='word_1_219' title='bbox 91 3579 199 3645; x_wconf 88' lang='lat' dir='ltr'>verrit</span> <span class='ocrx_word' id='word_1_220' title='bbox 214 3580 356 3644; x_wconf 89' lang='lat' dir='ltr'>humum</span> <span class='ocrx_word' id='word_1_221' title='bbox 373 3578 483 3664; x_wconf 87' lang='lat' dir='ltr'>Tyrio</span> <span class='ocrx_word' id='word_1_222' title='bbox 499 3590 648 3644; x_wconf 87' lang='lat' dir='ltr'>saturata</span> <span class='ocrx_word' id='word_1_223' title='bbox 666 3583 795 3646; x_wconf 88' lang='lat' dir='ltr'>murice</span> <span class='ocrx_word' id='word_1_224' title='bbox 813 3584 927 3667; x_wconf 86' lang='lat' dir='ltr'>palla3</span> 
     </span>
    </p>

    <p class='ocr_par' dir='ltr' id='par_1_31' title="bbox 91 3684 970 3772">
     <span class='ocr_line' id='line_1_33' title="bbox 91 3684 970 3772; baseline 0.002 -19"><span class='ocrx_word' id='word_1_225' title='bbox 91 3684 351 3772; x_wconf 86' lang='lat' dir='ltr'>instrictamque</span> <span class='ocrx_word' id='word_1_226' title='bbox 366 3684 470 3749; x_wconf 92' lang='lat' dir='ltr'>fidem</span> <span class='ocrx_word' id='word_1_227' title='bbox 487 3685 634 3771; x_wconf 90' lang='lat' dir='ltr'>gemmis</span> <span class='ocrx_word' id='word_1_228' title='bbox 651 3696 684 3750; x_wconf 92' lang='lat' dir='ltr'>et</span> <span class='ocrx_word' id='word_1_229' title='bbox 700 3687 858 3753; x_wconf 89' lang='lat' dir='ltr'>dentibus</span> <span class='ocrx_word' id='word_1_230' title='bbox 875 3689 970 3755; x_wconf 91' lang='lat' dir='ltr'>Indis</span> 
     </span>
    </p>

    <p class='ocr_par' dir='ltr' id='par_1_32' title="bbox 93 3791 999 3881">
     <span class='ocr_line' id='line_1_34' title="bbox 93 3791 999 3881; baseline 0.003 -22"><span class='ocrx_word' id='word_1_231' title='bbox 93 3792 239 3860; x_wconf 88' lang='lat' dir='ltr'>sustinet</span> <span class='ocrx_word' id='word_1_232' title='bbox 254 3811 276 3855; x_wconf 87' lang='lat' dir='ltr'>a</span> <span class='ocrx_word' id='word_1_233' title='bbox 291 3791 404 3866; x_wconf 90' lang='lat' dir='ltr'>laeva,</span> <span class='ocrx_word' id='word_1_234' title='bbox 421 3791 529 3855; x_wconf 91' lang='lat' dir='ltr'>tenuit</span> <span class='ocrx_word' id='word_1_235' title='bbox 544 3813 667 3857; x_wconf 90' lang='lat' dir='ltr'>manus</span> <span class='ocrx_word' id='word_1_236' title='bbox 684 3794 790 3858; x_wconf 89' lang='lat' dir='ltr'>altera</span> <span class='ocrx_word' id='word_1_237' title='bbox 806 3795 999 3881; x_wconf 72' lang='lat' dir='ltr'>plectrumr</span> 
     </span>
    </p>

    <p class='ocr_par' dir='ltr' id='par_1_33' title="bbox 92 3895 981 3981">
     <span class='ocr_line' id='line_1_35' title="bbox 92 3895 981 3981; baseline 0.008 -15"><span class='ocrx_word' id='word_1_238' title='bbox 92 3896 235 3966; x_wconf 82' lang='lat' dir='ltr'>artificis</span> <span class='ocrx_word' id='word_1_239' title='bbox 248 3907 356 3961; x_wconf 80' lang='lat' dir='ltr'>status</span> <span class='ocrx_word' id='word_1_240' title='bbox 368 3895 445 3981; x_wconf 86' lang='lat' dir='ltr'>ipse</span> <span class='ocrx_word' id='word_1_241' title='bbox 458 3895 534 3962; x_wconf 79' lang='lat' dir='ltr'>fuit.</span> <span class='ocrx_word' id='word_1_242' title='bbox 584 3897 681 3968; x_wconf 86' lang='lat' dir='ltr'>Turn</span> <span class='ocrx_word' id='word_1_243' title='bbox 697 3903 854 3972; x_wconf 88' lang='lat' dir='ltr'>stamina</span> <span class='ocrx_word' id='word_1_244' title='bbox 871 3905 981 3974; x_wconf 85' lang='lat' dir='ltr'>docto</span> 
     </span>
    </p>
   </div>
   <div class='ocr_carea' id='block_1_3' title="bbox 0 0 1250 4208">
    <p class='ocr_par' dir='ltr' id='par_1_34' title="bbox 0 0 1250 4208">
     <span class='ocr_line' id='line_1_36' title="bbox 0 0 1250 4208; baseline 0 1"><span class='ocrx_word' id='word_1_245' title='bbox 0 0 1250 4208; x_wconf 95' lang='lat' dir='ltr'> </span> 
     </span>
    </p>
   </div>
  </div>
 </body>
</html>
