2490 4208
92 203 147 273 90·
392 181 574 248 Philemon
598 182 672 246 and
692 179 837 247 Baucis.
1002 195 1149 267 [Mnaso.

94 381 261 447 candidus
278 381 312 444 in
331 379 443 445 medio
459 380 557 444 favus
575 389 637 444 est.
687 377 800 464 Super
816 376 933 442 omnia
948 375 1065 441 vultus

94 471 271 553 accessere¹
288 486 382 562 boni,
401 507 467 550 nec
483 485 574 550 iners
591 505 789 572 pauperque
806 484 975 548 voluntas.

139 594 273 658 Interea
290 594 412 659 totiens
429 594 589 657 haustum
606 602 737 657 cratera
754 590 878 676 repleri

95 710 214 786 sponte
232 721 307 776 sua,
326 720 387 786 per
403 719 509 786 seque
525 699 642 763 vident
658 718 875 763 succrescere
892 696 986 761 vina·
1096 712 1148 766 680

96 807 225 872 attoniti
242 806 389 872 novitate
406 815 545 892 pavent,
564 805 790 890 manibusque
808 803 939 888 supinis

95 913 292 999 concipiunt
307 912 502 998 Baucisque
521 932 640 997 preces
657 911 864 997 timidusque
880 909 1078 988 Philemon,

94 1030 128 1086 et
144 1019 280 1084 veniam
299 1019 444 1104 dapibus
461 1019 632 1104 nullisque
649 1018 824 1102 paratibus
840 1027 948 1081 orant.

139 1125 273 1191 Unicus
290 1146 391 1190 anser
407 1135 491 1199 erat,
510 1125 672 1188 minimae
690 1123 843 1188 custodia
859 1123 975 1198 villae,

94 1253 197 1319 quem
215 1232 267 1297 dis
283 1231 473 1316 hospitibus
490 1230 618 1295 domini
636 1240 786 1294 mactare
803 1229 983 1315 parabant.
1095 1247 1144 1315 683

94 1338 152 1403 ille
169 1338 261 1404 celer
275 1358 391 1423 penna
407 1338 521 1401 tardos
538 1346 649 1401 aetate
666 1336 799 1439 fatigat,

95 1443 268 1531 eluditque
284 1443 357 1519 diu,
374 1443 582 1528 tandemque
600 1453 651 1507 est
666 1441 759 1507 visus
776 1441 820 1506 ad
836 1441 929 1528 ipsos

95 1550 292 1638 confugisse
309 1551 404 1615 deos.
454 1548 578 1634 Superi
595 1559 733 1613 vetuere
750 1548 887 1613 necarit

97 1655 184 1721 ‘Di’
199 1677 266 1744 que
285 1667 293 1697 ‘
307 1677 438 1733 sumus,
458 1657 664 1742 meritasque
680 1656 750 1721 luet
766 1655 892 1720 vicinia
909 1677 1041 1742 poenas

94 1762 220 1850 impia'
236 1763 396 1829 dixerunt
406 1786 415 1838 3
443 1763 562 1829 ‘vobis
578 1762 788 1828 immunibus
806 1763 906 1851 hujus
1093 1779 1145 1851 ⁶90

95 1891 171 1936 esse
188 1870 270 1935 mali
286 1869 442 1936 dabitur:
468 1871 569 1936 modo
586 1882 698 1935 vestra
715 1870 894 1957 relinquite
910 1879 1012 1947 tecta,

34 1984 37 1989 '
96 1997 137 2042 ac
153 1988 285 2043 nostros
302 1977 460 2042 comitate
478 1978 619 2065 gradus,
638 1988 671 2042 et
687 1977 722 2041 in
740 1978 847 2042 ardua
864 1976 989 2043 montis

14 2102 29 2163 ,·
94 2083 139 2149 ite
156 2083 283 2149 simul'
327 2082 455 2148 Parent
472 2084 586 2160 ambo,
604 2084 804 2171 baculisque
821 2085 924 2150 levati

95 2189 246 2254 nituntur
262 2190 366 2276 longo
383 2190 528 2277 vestigia
545 2211 673 2276 ponere
690 2191 790 2255 clivo.

139 2296 291 2361 Tantum
309 2298 451 2361 aberant
467 2318 615 2372 summo,
633 2308 799 2383 quantum
816 2298 922 2363 semel
939 2298 989 2364 ire
1005 2298 1130 2387 sagitta

95 2401 200 2468 missa
218 2415 348 2489 potest:
371 2402 500 2467 flexere
517 2405 648 2478 oculos,
668 2414 701 2468 et
717 2425 829 2469 mersa
846 2406 972 2491 palude

95 2521 209 2575 cetera
225 2509 447 2594 prospiciunt,
467 2519 598 2573 tanturn
615 2530 677 2574 sua
693 2520 780 2575 tecta
798 2530 951 2576 manere.

95 2616 245 2703 dumque
262 2635 303 2680 ea
320 2616 498 2690 mirantur,
516 2616 598 2680 dum
616 2615 742 2681 deflent
758 2617 826 2681 fata
843 2638 996 2695 suorum,

94 2721 154 2786 illa
169 2733 279 2797 vetus,
298 2721 445 2786 dominis
461 2721 563 2785 etiam
581 2742 662 2787 casa
678 2743 784 2807 parva
802 2724 935 2789 duobus

94 2828 234 2892 vertitur
248 2827 284 2891 in
300 2828 488 2912 templum3
512 2828 626 2893 furcas
643 2830 776 2894 subiere
793 2831 996 2903 columnae;
1092 2859 1144 2914 700

94 2934 257 2998 stramina
273 2933 475 3009 flavescunt,
494 2946 680 3022 aurataque
696 2945 784 3000 tecta
800 2937 969 3007 videntur,

95 3042 316 3126 caelataeque
333 3040 436 3113 sores,
456 3040 687 3127 adopertaque
705 3064 875 3109 marmore
891 3044 1006 3109 tellus.

139 3145 241 3210 Talia
257 3156 328 3210 tum
346 3145 482 3230 placido
499 3145 679 3212 Saturnius
697 3149 801 3213 edidit
816 3170 896 3215 orer

97 3261 106 3292 ‘
122 3250 248 3327 Dicite,
263 3251 353 3338 juste
370 3273 489 3327 senex,
509 3264 542 3316 et
558 3253 684 3316 femina
701 3255 849 3342 conjuge
861 3256 953 3343 justo

11 3438 15 3444 ⁵
95 3357 477 3444 digna,quidoptetis.'
523 3357 613 3423 Cum
630 3358 784 3425 Baucide
801 3383 912 3446 pauca
928 3363 1074 3440 locutus,

91 3463 258 3551 judicium
276 3464 406 3549 superis
424 3465 531 3548 aperit
547 3484 729 3530 commune
746 3466 949 3533 Philemon:

97 3569 205 3634 ‘Esse
223 3571 429 3644 sacerdotes,
449 3570 659 3656 delubraque
675 3584 787 3636 vestra
803 3566 927 3651 ruerit·
951 3562 964 3597 ·’

95 3676 288 3760 poscimus3
313 3685 346 3739 et
362 3676 524 3761 quoniam
542 3677 728 3742 concordes
745 3679 880 3766 egimus
897 3702 1020 3771 annos,

96 3781 227 3845 auferat
244 3782 327 3846 hora
344 3783 430 3845 duos
446 3781 581 3855 eadem,
600 3803 665 3846 nec
681 3784 837 3872 conjugis
854 3768 1018 3874 umqi'uim

87 3887 186 3951 busta
203 3908 306 3952 meae
324 3888 474 3964 videam,
492 3908 561 3952 neu
577 3887 643 3952 sirn
658 3892 879 3957 tumulandus
895 3895 940 3959 ab
957 3895 1041 3961 illa.'
1093 3924 1142 3979 710
