2454 4214
88 219 156 292 '²4⁰
320 198 393 268 The
426 198 573 269 Wtdom
596 201 646 287 os
656 197 765 289 mag
781 196 920 268 Numa.
995 218 1137 293 [aaran

88 419 132 464 ne
149 395 263 473 facite,
281 405 314 462 et
330 395 466 462 monitis
482 397 616 463 animos
631 396 796 469 advertite
813 396 938 463 nostris
948 419 967 463 r·
1090 429 1139 482 14⁰

89 524 235 591 cumque
252 503 356 568 bourn
373 502 496 568 dabitis
512 523 691 568 caesorum
706 504 863 567 membra
879 504 1010 588 palate,

55 614 58 619 ’
89 612 254 677 mandere
269 631 331 675 vos
346 619 477 674 vestros
492 609 575 674 scite
591 620 624 681 et
639 608 760 674 senn'te
776 609 929 674 colonos.

135 729 144 759 ⁴
161 716 396 809 aequoniam
412 715 498 781 deus
514 735 573 780 ora
586 724 714 791 movet,
727 735 853 802 sequar
868 736 929 781 ora
945 728 1137 787 moventem

88 824 152 890 rite
169 826 285 899 deum,
304 822 530 908 Delphosque
545 841 641 886 meos
656 820 840 909 ipsumque
855 822 1036 889 recludam

91 932 231 996 aethera
246 940 280 996 ct
296 939 463 1017 augustae
479 927 641 993 reserabo
657 928 797 993 oracula
814 928 947 994 mentis.
1093 959 1136 1016 145

39 1066 42 1071 ·
90 1058 232 1125 magna,
250 1057 316 1102 nec
332 1034 480 1124 ingeniis
498 1033 687 1121 euestigata
704 1033 869 1119 priorum,

89 1164 247 1231 quaeque
264 1143 321 1209 diu
337 1143 480 1217 latuere,
499 1160 636 1215 canam.
680 1139 786 1226 Juvat
800 1138 851 1209 irs
866 1141 1016 1226 peralta

90 1261 202 1325 astra;
223 1249 321 1338 juvat
335 1248 433 1314 terris
449 1258 483 1313 et
496 1245 596 1312 inerti
611 1245 694 1311 sede
710 1245 829 1310 relicta

89 1357 182 1421 nube
197 1355 288 1431 vehi,
305 1354 478 1442 validique
495 1352 646 1429 humeris
662 1350 818 1416 insistere
833 1349 1007 1429 Atlantls3

90 1462 314 1548 palantesque
330 1460 487 1527 homines
503 1459 632 1545 passim
647 1478 691 1522 ac
706 1456 846 1523 rationis
863 1465 1007 1546 egentes
1092 1489 1136 1545 150

91 1568 290 1653 despectare
307 1567 439 1653 procul,
455 1565 674 1651 trepidosque
689 1562 888 1650 obitumque
901 1564 1064 1631 timentes

91 1673 141 1739 sic
157 1673 342 1749 exhortari,
360 1671 551 1758 seriemque
562 1670 725 1736 evolvere
741 1667 814 1733 sati.

138 1778 196 1844 ‘O
212 1800 324 1866 genus
340 1777 516 1855 attonitum
533 1776 670 1864 gelidae
686 1774 867 1851 formidine
883 1775 1025 1844 mortis!

89 1885 175 1972 qnid
189 1884 316 1972 Styga,
333 1883 416 1971 quid
431 1883 590 1949 tenebras
602 1893 640 1948 et
654 1880 796 1948 nomina
811 1903 902 1947 vana
918 1882 1058 1960 umetis,

92 1991 268 2057 materiem
284 2001 414 2067 vatum,
432 1989 576 2077 salsique
593 1975 746 2075 pericula
761 1986 906 2061 mundi?
1094 2017 1135 2074 ¹55

93 2117 237 2183 corpora
252 2097 324 2162 sive
341 2117 446 2184 rogus
461 2095 615 2171 flamma,
633 2115 694 2160 seu
710 2095 789 2159 tabe
805 2104 957 2160 vetustas

93 2203 281 2278 abstulerit,
299 2203 390 2267 mala
407 2222 507 2287 posse
524 2201 594 2286 pati
609 2221 679 2266 non
696 2200 767 2265 ulla
784 2200 921 2285 putetis.

91 2321 200 2376 morte
216 2319 333 2374 carent
350 2308 497 2384 animae,
515 2327 732 2392 semperque,
750 2305 862 2393 priore
877 2306 997 2375 relicta

92 2418 187 2492 sede,
206 2415 302 2480 novis
319 2414 477 2479 domibus
492 2413 610 2478 vivunt
626 2412 848 2501 habitantque
864 2424 1037 2499 receptae,

92 2522 167 2609 ipse
183 2542 249 2609 ego
261 2557 307 2570 —
319 2541 400 2584 narn
417 2519 556 2584 memini
569 2555 614 2581 -.-·
625 2518 768 2606 Trojani
784 2531 939 2606 tempore
954 2522 1038 2589 belli
1093 2538 1139 2594 160

91 2627 302 2695 Panthoides
317 2625 525 2710 Euphorbus
542 2645 651 2700 eram,
668 2625 725 2691 cui
742 2637 881 2711 pectore
896 2629 1076 2714 ‚quondam

92 2732 204 2801 haesit
218 2733 254 2798 in
268 2733 414 2799 adverso
429 2730 546 2819 gravis
562 2732 661 2797 hasta
678 2731 818 2801 minoris
835 2732 993 2805 Atridae,

91 2838 240 2929 cognovi
256 2838 418 2924 clipeum,
436 2837 555 2903 laevae
572 2838 766 2925 gestamina
781 2850 933 2918 nostrae,

76 2966 203 3033 nuper
216 2942 386 3011 Abanteis
401 2943 529 3028 templo
541 2942 688 3031 Junonis
705 2945 741 3013 in
756 2944 877 3034 Argis.

138 3049 291 3117 ‘Omnia
307 3060 499 3121 mutantur:
523 3050 611 3117 nihil
626 3051 752 3119 interit.
800 3052 1075 3130 Enceladum
1096 3071 1139 3140 165

92 3157 163 3223 huc
177 3156 282 3232 venit,
300 3157 381 3222 hinc
396 3155 490 3232 illuc,
507 3167 542 3225 et
556 3159 729 3246 quoslibet
743 3170 889 3245 occupat
906 3169 1000 3231 artus

9 3300 18 3329 r
91 3262 243 3349 spiritus,
260 3283 347 3350 eque
363 3262 443 3329 seris
461 3265 613 3335 humana
630 3265 665 3335 in
682 3286 825 3350 corpora
841 3265 973 3341 transit,

90 3369 195 3455 inque
211 3369 301 3436 teras
317 3381 444 3466 nqster,
463 3394 528 3441 nec
544 3386 698 3458 tempore
714 3371 846 3458 deperit
861 3372 946 3445 ullo,

91 3486 196 3563 utque
212 3476 309 3542 novis
325 3478 436 3547 facilis
453 3480 610 3568 signatur
627 3498 707 3545 oera
722 3477 856 3566 figuris,

91 3603 157 3649 nec
173 3595 288 3650 manet
303 3596 341 3650 ut
357 3587 481 3662 suerat,
499 3606 565 3657 nec
580 3586 709 3657 formas
725 3595 841 3657 servat
855 3585 1012 3661 easdem,
1094 3615 1141 3667 170

92 3691 154 3757 sed
169 3703 284 3761 tamen
300 3693 376 3779 ipsa
393 3693 514 3761 eadem
532 3703 594 3768 est,
608 3691 761 3763 animam
777 3690 828 3764 sic
843 3711 979 3777 semper
995 3691 1139 3765 eunden

27 3856 30 3861 ,
92 3816 181 3876 esse,
199 3802 261 3868 sed
277 3800 313 3865 in
329 3797 443 3867 varias
459 3798 567 3867 doceo
583 3797 734 3884 migrare
749 3796 894 3885 figuras,

81 3923 169 3993 ergo
180 3944 227 3957 -
238 3927 307 3983 nec
320 3904 436 3995 pietas
453 3905 498 3973 sit
510 3903 605 3975 viera
618 3902 784 3990 cupitline
793 3903 975 3981 muttit«-
