2490 4208
124 195 168 280 36
418 195 489 262 lee
512 194 645 262 Search
669 196 717 281 of
736 194 899 262 Cadmus.
1033 213 1178 287 [Merme

51 471 56 485 Ι
124 393 279 458 cedendo
296 393 446 468 arcebat,
464 414 530 458 nec
546 392 684 480 longius
700 391 749 457 ire
766 391 920 458 sinebat:
1012 407 1015 413 '
1090 407 1093 415 ·

21 488 70 541 ’Ἣ
124 500 234 564 donec
250 498 468 587 Agenorides
486 499 677 586 conjectum
695 499 730 562 in
747 511 883 586 gutture
899 500 1027 565 serrum
1142 531 1178 586 90

122 627 231 692 usque
248 628 395 692 sequens
412 606 545 692 pressit,
564 606 646 668 dum
663 617 752 677 retro
769 626 915 691 quercus
932 607 1025 670 eunti

123 712 269 788 obstitit,
280 723 313 776 et
328 713 398 776 fixa
415 723 466 776 est
481 711 608 797 pariter
623 732 702 776 cum
719 711 839 776 robore
857 693 986 777 cervix.

123 820 275 905 pondere
293 818 460 904 serpentis
477 829 616 882 curvata
634 829 684 882 est
700 817 814 894 arbor,
833 829 866 882 et
881 817 972 883 imae

123 935 220 1010 parte
236 924 406 1012 flagellari
424 925 555 1012 gemuit
571 945 633 988 sua
647 924 771 989 robora
787 925 933 988 caudae.

168 1030 261 1095 Dum
279 1031 426 1116 spatium
442 1030 551 1095 victor
567 1030 646 1094 victi
663 1030 856 1095 considerat
872 1029 991 1107 hostis,
1140 1062 1175 1120 95

122 1160 191 1203 vox
204 1138 315 1202 subito
329 1138 445 1202 audita
459 1149 529 1212 est3
547 1158 659 1222 neque
670 1149 743 1200 erat
755 1157 966 1223 cognoscere
979 1148 1176 1223 promptum

122 1244 227 1320 unde,
241 1244 302 1310 sed
316 1244 431 1308 audita
444 1254 515 1308 est:
531 1254 539 1284 ‘
555 1241 663 1326 Quid,
676 1241 841 1330 Agenore
855 1254 946 1319 nate,
959 1255 1176 1329 peremptum

123 1363 316 1436 serpentem
333 1348 489 1436 spectas?
513 1359 546 1414 et
561 1361 596 1414 tu
613 1350 812 1434 spectabere
829 1350 995 1435 serpens.’

122 1456 180 1522 ille
197 1458 254 1522 diu
271 1458 416 1543 pavidus
434 1456 559 1542 pariter
576 1477 654 1521 curn
672 1468 784 1521 mente
802 1456 950 1521 colorem

122 1564 330 1649 perdiderat,
349 1564 531 1651 gelidoque
550 1584 668 1628 comae
684 1575 812 1628 terrore
829 1562 999 1650 rigebant.
1126 1596 1177 1636 100

123 1691 205 1735 ecce
221 1670 284 1734 viri
300 1670 438 1744 fautrix,
458 1691 600 1755 superas
617 1670 758 1754 delapsa
775 1691 837 1755 per
853 1691 955 1735 auras

123 1776 239 1841 Pallas
256 1778 365 1852 adest,
384 1788 564 1863 motaeque
576 1776 673 1863 jubet
689 1777 881 1861 subponere
897 1787 1009 1842 terrae

121 1882 279 1968 vipereos
295 1883 428 1959 demea,
445 1883 564 1968 populi
581 1883 791 1946 incrementa
809 1883 921 1947 futuri.

122 2001 233 2077 paret,
251 2000 284 2055 et
299 2000 336 2054 ut
352 2011 471 2075 presso
488 1989 620 2054 sulcum
638 1989 797 2075 patefecit
813 2000 939 2066 aratro,

46 2124 49 2129 ·
122 2096 256 2186 spargit
272 2097 367 2161 humi
379 2097 507 2184 jussos,
526 2097 683 2161 mortalia
699 2096 844 2173 semina,
863 2097 995 2163 dentes.
1126 2130 1175 2187 ¹05

18 2248 20 2253 -
122 2202 203 2270 inde
214 2204 336 2269 -fide
353 2203 519 2290 majus-
530 2203 654 2290 glebae
671 2224 816 2289 coepere
833 2202 976 2282 moveri,

121 2311 301 2399 primaque
318 2312 361 2376 de
378 2311 482 2376 sulcis
501 2311 593 2376 acies
611 2311 769 2396 apparuit
785 2312 924 2386 hastae3

121 2419 276 2507 tegmina
292 2440 374 2484 mox
390 2418 539 2504 capitum
557 2418 647 2504 picto
664 2419 816 2483 nutantia
834 2440 942 2494 cono;
991 2453 995 2459 ·

122 2522 203 2591 mox
213 2525 346 2591 humeri
359 2537 544 2614 pectusque
552 2536 761 2612 onerataque
778 2527 941 2590 bracchia
956 2526 1033 2591 telis

121 2632 300 2708 exsistunt,
319 2633 507 2719 crescitque
524 2653 625 2719 seges
641 2633 787 2717 clipeata
803 2619 988 2713 virorum]
1124 2663 1177 2705 110

122 2739 172 2804 sic
189 2738 246 2802 ubi
263 2740 426 2803 tolluntur
442 2739 535 2804 sestis
552 2738 675 2803 aulaea
691 2739 844 2815 theatris,
1178 2745 1182 2751 '

122 2866 264 2933 surgere
282 2846 382 2932 signa
400 2846 521 2920 solent,
541 2845 757 2931 primumque
774 2845 952 2910 ostendere
968 2845 1096 2922 vultus,

59 3008 65 3017 .
121 2963 235 3016 cetera
251 2952 438 3037 paulatim3
464 2952 668 3038 placidoque
686 2952 807 3016 educta
823 2962 940 3016 tenore

120 3067 190 3124 tota
206 3069 335 3143 patent,
353 3058 489 3144 imoque
506 3059 612 3143 pedes
628 3058 663 3121 in
680 3058 837 3144 margine
854 3068 996 3142 ponunt.

166 3165 322 3229 Territus
338 3165 434 3229 hoste
451 3187 540 3231 novo
557 3163 712 3229 Cadmus
729 3185 852 3249 capere
869 3184 965 3227 arma
982 3164 1147 3249 parabat:

123 3269 201 3336 ‘Ne
219 3271 324 3356 cape'
341 3271 384 3335 de
401 3271 528 3356 populo
544 3293 647 3357 quem
663 3282 752 3334 terra
770 3280 946 3334 creaverat
960 3291 1050 3334 unus

121 3378 306 3453 exclamat,
326 3388 413 3442 ‘nec
428 3389 461 3442 te
479 3377 633 3441 civilibus
651 3376 761 3441 insere
778 3377 901 3441 bellis!

122 3496 222 3571 atque
239 3485 284 3549 ita
300 3484 479 3571 terrigenis
496 3484 608 3570 rigido
625 3483 667 3547 de
685 3484 842 3548 fratribus
859 3505 967 3547 unum

120 3593 276 3657 cominus
293 3612 375 3655 ense
393 3591 488 3655 ferit:
509 3581 626 3678 jaculo
643 3590 734 3654 cadit
750 3590 884 3655 eminus
900 3591 986 3674 ipse.

121 3698 366 3784 huncquoque
383 3697 440 3783 qui
456 3697 524 3761 leto
541 3696 693 3771 dederat,
711 3718 780 3760 non
797 3697 934 3783 longius
950 3696 1010 3761 illo
1122 3727 1173 3769 120

117 3804 209 3879 vivit,
231 3816 266 3868 et
280 3804 432 3890 exspirat
449 3803 550 3867 modo
566 3823 652 3888 quas
668 3813 861 3888 acceperat,
880 3823 994 3868 auras.

93 3910 339 3998 exemploque
352 3911 434 3998 pari
451 3910 534 3978 surit
549 3909 665 3978 omnis
680 3909 794 3987 turba,
810 3929 941 3995 suoque
