2490 4208
96 201 188 256 VIII.
204 201 276 272 545.]
428 181 548 247 Deatlr
572 182 620 265 os
632 179 828 266 Meleager.

86 380 250 468 ignibus,
268 402 310 446 ac
326 402 471 468 magnos
488 388 627 464 superat
642 377 764 442 virtute
781 376 927 442 dolores.

97 487 190 573 quod
207 498 321 551 tamen
338 489 464 574 ignavo
481 487 582 550 cadat
597 495 630 549 et
646 483 719 549 sine
737 484 906 570 sanguine
922 485 1002 561 let0,

97 602 240 668 maeret,
260 607 292 659 et
307 593 441 658 Ancaei
458 591 571 657 felicia
587 591 732 656 vulnera
748 591 848 664 dicit;

98 700 404 787 grandaevumque
421 710 553 785 patrem
570 698 758 783 fratresque
775 697 918 783 piasque
935 719 1069 763 sorores
1097 730 1148 785 520

98 826 177 869 cum
194 806 337 893 gemitu,
356 805 553 899 sociamque
569 802 632 868 tori
648 814 749 868 vocat
764 824 822 867 ore
839 825 1019 888 suprem03
1067 876 1070 881 Δ

97 911 238 976 forsitan
255 922 288 976 et
304 921 458 976 matrem.
506 909 676 978 Crescunt
691 909 850 997 ignisque
867 911 1044 996 dolorque,

96 1018 394 1104 languescuntque
410 1017 552 1082 iterum:
578 1016 679 1081 simul
696 1027 748 1082 est
763 1016 948 1082 exstinctus
964 1028 1119 1104 uterque,

95 1123 200 1209 inque
216 1124 310 1188 leves
327 1122 408 1206 abiit
424 1121 589 1208 paulatim
607 1122 744 1207 spiritus
762 1144 864 1188 auras

96 1229 264 1315 paulatim
280 1251 367 1295 cana
383 1251 529 1316 prunam
545 1230 681 1294 velante
699 1229 827 1294 favilla.
1097 1259 1147 1317 525

140 1333 224 1401 Alta
237 1336 330 1424 jacet
345 1335 529 1424 Calydon:
554 1336 674 1424 lugent
685 1335 897 1424 juvenesque
913 1358 1095 1424 senesque,

95 1443 291 1531 vulgusque
308 1464 536 1529 proceresque
553 1453 709 1531 gemunt,
723 1426 924 1530 'scissaeque
941 1444 1084 1528 capillos
1125 1515 1129 1522 ,

96 1550 310 1638 planguntur
326 1561 451 1615 matres
468 1548 703 1637 Calydonides
720 1549 912 1646 Eueninae.

96 1655 240 1740 pulvere
257 1655 418 1722 canitiem
435 1655 570 1745 genitor
585 1656 766 1742 vultusque
783 1656 1013 1755 senilem„

97 1761 211 1827 foedat
227 1762 323 1827 humi
340 1762 449 1840 fusus,
467 1762 722 1849 spatiosumque
739 1737 894 1849 increprit
910 1784 1047 1829 aevum.

96 1886 177 1931 nam
194 1866 238 1932 de
256 1877 362 1932 matre
379 1888 502 1932 manus
519 1865 583 1931 diri
600 1866 665 1931 sibi
682 1868 819 1932 conscia
836 1867 917 1933 facti
1098 1884 1158 1956 530'

96 1993 161 2037 exe
190 1971 214 2037 it
230 1994 372 2058 poenas,
392 1985 467 2038 acto
484 1994 547 2058 per
561 1971 695 2037 viscera
712 1973 811 2038 ferro.

46 1993 188 2181 Α
183 2079 266 2143 mihi
283 2078 312 2144 si
328 2089 464 2144 centum
481 2080 567 2145 deus
586 2099 646 2144 ora
663 2079 819 2145 sonantia
835 2079 976 2169 linguis,

95 2187 342 2279 ingeniumque
359 2209 484 2274 capax,
503 2198 677 2275 totumque
696 2186 866 2254 Helicona
884 2189 1046 2267 dedisset,

94 2297 203 2362 tristia
219 2295 444 2384 persequerer
461 2295 663 2361 miserarum
681 2295 770 2361 dicta
788 2284 967 2362 sororum,
1157 2365 1160 2368 Δ

94 2403 302 2470 inmemores
320 2404 459 2471 decoris·
470 2402 610 2468 liventia
628 2414 766 2489 pectora
782 2403 948 2479 tundunt3
1098 2437 1147 2496 535

93 2514 245 2600 dumque
262 2525 376 2579 manet
391 2535 530 2601 corpus,-
546 2537 669 2602 corpus
686 2516 905 2604 refoventque
921 2517 1125 2605 foventque;

94 2618 213 2685 oscula
229 2618 312 2686 daut
327 2620 406 2706 ipsi,
425 2622 535 2707 posito
552 2623 636 2688 dant
651 2624 769 2689 oscula
787 2623 895 2699 lecto;

93 2738 171 2812 post
187 2726 337 2792 cinerem
355 2727 488 2793 cineres
505 2729 645 2795 haustos
662 2731 707 2795 ad
724 2741 861 2816 pectora
878 2743 1055 2816 pressant3

93 2835 306 2922 adfusaeque
319 2834 437 2922 jacent
453 2836 597 2912 tumulo,
616 2836 819 2924 signataque
835 2859 921 2904 saxo

92 2941 234 3007 nomina
252 2941 454 3027 complexae
470 2942 631 3008 lacrimas
647 2943 683 3006 in
701 2944 840 3008 nomina
858 2945 1015 3011 fundunt.
1095 2978 1146 3034 540
1166 2983 1176 2993 -

92 3069 179 3134 quas
196 3046 426 3112 Parthaoniae
443 3049 581 3112 tandem
598 3046 745 3114 Latonia
762 3051 860 3116 clade

92 3152 260 3219 exsatiata
276 3153 411 3230 domus,
429 3164 564 3238 praeter
579 3153 791 3242 Gorgenque
807 3179 999 3245 nurumque

91 3259 216 3325 nobilis
233 3257 439 3336 Alcmenae,
456 3260 544 3325 natis
560 3260 596 3324 in
613 3282 754 3346 corpore
771 3264 893 3348 pennis

91 3365 231 3441 allevat,
249 3375 283 3432 et
297 3365 421 3454 longas
437 3387 499 3452 per
512 3367 676 3432 bracchia
693 3369 836 3456 porrigit
852 3370 938 3445 alas,
1014 3394 1021 3459 j

90 3491 287 3560 corneaque
302 3492 363 3539 ora
378 3470 472 3550 facit,
488 3493 674 3559 versasque
690 3495 751 3558 per
768 3480 848 3540 aera
866 3476 975 3543 mittit.
987 3464 1018 3583 j
1091 3507 1141 3564 545
