2490 4208
104 197 169 265 114
422 176 494 242 The
522 175 642 258 Ckiess
664 185 702 241 at
731 175 837 263 Troy.
1007 189 1158 262 [Marsis.

100 362 239 459 totaque
255 371 416 437 Peliacae
432 372 604 437 sternebat
620 371 773 456 cuspidis
787 371 856 436 ictu

102 480 388 566 agmina,perque
400 478 491 543 acies
503 476 734 564 autCygnum
746 489 804 541 aut
812 476 962 542 Hectora
970 498 1159 564 quaerens.

146 583 379 671 Congreditur
395 583 543 671 Cygno:
570 584 741 648 decimum
760 583 885 648 dilatus
902 582 937 646 in
954 604 1086 648 annum

102 689 233 768 Hector
249 700 342 773 erat„
381 690 473 754 Tum
491 690 580 754 colla
593 689 680 777 jugo
696 689 879 753 candentia
895 711 1032 774 pressos

101 797 299 861 exhortatus
316 817 436 882 equos,
454 817 591 860 currum
608 794 734 860 direxit
748 795 784 859 in
801 795 949 872 hostem,

102 902 366 988 concutiensque
384 902 454 968 suis
470 901 638 966 vibrantia
655 903 724 966 tela
739 901 888 986 lacertis,

102 1006 294 1095 ‘Quisquis
310 1030 358 1084 es,
376 1008 409 1074 O
421 1008 581 1096 juvenis,'
598 1007 683 1072 dixit
700 1008 877 1101 ‘solamen
894 1007 1018 1073 habeto
1124 1025 1161 1077 80

101 1114 231 1192 mortis,
250 1116 295 1207 ab
312 1115 506 1180 Haemonio
523 1114 614 1200 quod
631 1114 677 1179 sis
690 1114 869 1202 jugulatus
886 1113 1051 1179 Achille!

101 1222 268 1288 hactenus
283 1221 476 1286 Aeacides:
501 1241 621 1287 vocem
638 1220 755 1308 gravis
771 1222 869 1286 hasta
885 1232 1004 1286 secuta
1020 1230 1083 1286 est.

101 1329 162 1393 sed
178 1350 387 1415 quamquam
405 1337 497 1393 certa
514 1327 628 1392 nullus
644 1327 707 1391 fuit
722 1348 816 1392 error
831 1327 868 1391 in
884 1328 996 1403 hasta,

101 1434 149 1499 nil
165 1445 280 1500 tamen
297 1433 413 1499 emissi
429 1433 572 1519 profecit
589 1433 747 1497 acumine
763 1433 856 1510 ferri,

100 1551 204 1627 utque
221 1541 332 1606 hebeti
349 1552 468 1626 pectus
484 1541 719 1605 tantummodo
736 1540 888 1606 contudit
903 1540 984 1628 ictu.
1121 1558 1157 1631 ⁸5

148 1647 264 1713 ‘Nate
281 1648 360 1724 dea,
378 1668 458 1711 nam
475 1656 508 1711 te
525 1645 618 1710 fama
634 1647 902 1731 praenovimus,'
920 1646 1030 1733 inquit

100 1754 171 1830 ille,
192 1754 298 1840 ‘quid
316 1775 335 1818 a
352 1753 450 1818 nobis
465 1754 591 1818 vulnus
609 1753 742 1818 miraris
758 1752 902 1819 abesse?
915 1754 923 1781 '
936 1790 981 1803 -

100 1860 312 1925 mirabantur
329 1860 420 1925 enim
433 1896 478 1908 -
493 1870 502 1899 ‘
517 1859 600 1925 Non
617 1860 717 1934 haec,
736 1881 840 1946 quam
857 1859 984 1936 cernis,
1001 1860 1142 1947 equinis

99 1965 194 2031 fulva
209 1965 299 2054 jubis
316 1965 436 2042 cassis,
454 1986 565 2052 neque
581 1987 668 2030 onus
685 1986 772 2030 cava
789 1987 909 2050 parma
925 1966 1083 2033 sinistrae

100 2071 228 2137 auxilio
245 2072 328 2136 mihi
344 2082 443 2136 sunt:
468 2072 572 2136 decor
587 2082 638 2137 est
653 2071 826 2159 quaesitus
843 2074 887 2138 ab
903 2072 998 2148 istis;
1118 2110 1155 2165 90

99 2176 198 2244 Mars
213 2199 350 2266 quoque
366 2178 412 2244 ob
428 2178 495 2244 hoc
506 2198 631 2264 capere
647 2198 745 2243 arma
760 2179 856 2244 solet.
902 2179 1155 2248 Removebitur

235 2284 336 2372 hujus

81 2391 260 2480 tegminis
278 2390 450 2457 officium}
474 2401 589 2457 tamen
605 2392 822 2460 indestrictus
838 2394 952 2461 abibo.

99 2511 150 2564 est
167 2499 308 2586 aliquid,
327 2521 395 2565 non
414 2520 490 2565 esse
507 2510 616 2565 satum
634 2499 799 2578 Nereide,
818 2503 879 2568 sed
896 2503 955 2589 qui

98 2603 284 2694 Nereaque
302 2617 335 2672 et
350 2616 448 2671 natas
464 2616 497 2671 et
512 2617 619 2671 totum
635 2618 801 2693 temperet
817 2609 970 2696 aequor.'

145 2713 253 2789 Dixit,
272 2724 306 2777 et
322 2714 506 2777 haesurum
524 2711 625 2798 clipei
643 2715 842 2781 curvamine
858 2715 964 2781 telum
1117 2748 1152 2805 95

100 2818 191 2884 misit
207 2819 242 2883 in
258 2817 451 2894 Aeaciden,
469 2819 559 2904 quod
577 2829 611 2883 et
626 2840 685 2884 aes
702 2831 735 2884 et
750 2821 908 2906 proxima
924 2822 1017 2908 rupit

98 2934 197 3013 terga
214 2945 348 2990 novena
365 2925 484 3000 boum,
498 2925 633 2990 decimo
648 2935 762 2991 tamen
777 2927 858 2992 orbe
872 2939 1042 2994 moratum
1058 2941 1124 2996 est.

100 3032 227 3096 excutit
243 3032 308 3096 hoc
325 3031 439 3106 heros,
458 3052 643 3118 rursusque
659 3033 838 3098 trementia
855 3032 930 3099 sorti

98 3137 167 3201 tela
184 3158 287 3201 manu
302 3137 418 3201 torsitt
443 3158 560 3201 rursus
576 3137 648 3201 sine
665 3138 806 3203 vulnere
823 3161 947 3225 corpus

99 3242 340 3328 sincerumque
355 3243 418 3307 suit
428 3265 437 3317 ;
462 3264 527 3307 nec
543 3243 639 3308 tertia
656 3245 770 3328 cuspis
787 3258 942 3330 apertum
1103 3282 1154 3321 100

99 3360 185 3414 etse
202 3349 422 3434 praebentem
438 3350 546 3413 valuit
562 3349 774 3438 destringere
791 3351 969 3440 Cygnum.

99 3453 192 3517 haud
210 3473 309 3517 secus
326 3452 466 3527 exarsit,
485 3474 587 3538 quarn
605 3453 696 3518 circo
712 3465 829 3520 taurus
845 3468 978 3542 aperto,

99 3580 178 3623 cum
195 3580 257 3624 sua
273 3558 412 3623 terribili
430 3559 513 3643 petit
528 3559 715 3624 irritamina
731 3582 850 3637 cornu,

98 3665 283 3751 poeniceas
299 3675 424 3739 vestes,
443 3665 605 3751 elusaque
622 3667 765 3730 vulnera
781 3669 898 3734 sensit.

143 3771 238 3836 Num
255 3783 370 3835 tamen
387 3770 552 3835 exciderit
569 3773 709 3847 serrum,
728 3775 932 3850 considerat,
951 3777 1096 3843 hastaer

88 3878 261 3943 haerebat
273 3877 384 3967 ligno.
435 3888 445 3917 ‘
461 3876 590 3969 Manus
606 3888 658 3944 est
674 3900 749 3944 mea
766 3881 888 3946 debilis
903 3904 1001 3969 ergo,
