2490 4208
120 181 183 246 118
328 178 484 266 Riualry
507 182 556 266 <ff
567 178 667 269 Ajax
689 180 763 246 and
789 178 939 267 Ulysses.
1020 195 1170 267 [Murra.

116 381 202 446 quas
219 380 285 448 ego
302 359 458 435 sustinui,
476 381 562 446 quas
579 359 646 423 hac
663 380 682 423 a
700 359 811 424 classe
827 359 960 446 fugavi.

114 467 218 532 tutius
235 478 285 531 est
301 466 404 554 igitur
420 467 506 531 fictis
523 468 730 533 contendere
747 466 874 542 verbm,

115 595 219 660 quam
233 594 389 660 pugnare
404 595 521 637 manu.
571 573 642 638 Sed
655 594 720 638 nec
730 573 813 637 mihi
826 574 942 638 dicere
955 582 1169 658 promptum,

115 701 181 744 nec
197 680 310 744 facere
328 691 377 744 est
393 679 446 744 isti
458 702 473 754 3·
493 690 726 766 quantumque
743 701 810 766 ego
827 692 935 744 marte
952 678 1060 743 feroci

115 785 218 872 inque
236 785 310 850 acie
326 786 438 861 valeo,
457 797 587 850 tantum
603 787 695 850 valet
710 786 772 851 iste
789 787 972 872 loquendo

162 903 171 933 ‘
186 891 223 957 N
225 913 263 957 ec
281 894 503 957 memoranda
519 883 634 956 tamen
651 892 747 957 vobis
764 912 841 956 mea
858 893 961 968 facta,
979 888 1140 978 Pelasgi,

115 1015 191 1059 esse
207 1016 297 1071 reor,
317 995 446 1060 vidistis
464 994 576 1059 enim:
601 1015 663 1059 sua
680 1006 794 1058 narret
810 993 945 1071 Ulixes,

115 1122 204 1187 quae
221 1101 295 1167 sine
311 1113 394 1166 teste
411 1101 512 1189 gerit,
531 1123 676 1187 quorum
693 1122 763 1165 nox
780 1102 918 1168 conscia
934 1102 1006 1166 sola
1024 1110 1089 1165 est.
1141 1130 1170 1187 ¹5

114 1208 269 1293 praemia
286 1229 415 1294 magna
431 1208 499 1293 peti
516 1208 636 1283 fateor,
655 1207 716 1272 sed
733 1207 839 1274 demit
855 1209 1021 1274 honorem

115 1315 293 1379 aemulust
317 1314 418 1402 Ajaci
435 1336 503 1380 non
521 1325 571 1379 est
586 1313 737 1379 tenuisse
754 1314 953 1400 superbum,

115 1421 157 1486 sit
173 1423 252 1486 licet
268 1423 335 1486 hoc
350 1422 486 1508 ingens,
505 1419 668 1507 quicquid
685 1420 834 1506 speravit
850 1419 984 1486 Ulixes.

115 1528 177 1593 iste
193 1528 268 1592 tulit
282 1528 428 1614 pretium
441 1527 514 1615 jam
532 1547 622 1590 nunc
640 1526 834 1591 certaminis
852 1527 974 1615 hujus:

115 1656 278 1722 quocum
295 1634 403 1699 victus
421 1633 495 1708 erit,
514 1653 648 1697 mecum
667 1645 815 1699 certasse
832 1634 969 1697 seretur.
1138 1666 1174 1705 20

161 1739 301 1827 ‘Atque
318 1762 397 1828 ego,
416 1740 444 1804 si
461 1739 567 1804 virtus
583 1738 618 1803 in
636 1760 689 1805 me
707 1739 901 1805 dubitabilis
918 1748 1021 1817 esset,
1089 1782 1092 1787 -

115 1846 290 1912 nobilitate
308 1859 426 1931 potens
444 1867 569 1920 essem,
586 1844 778 1911 Telamone
796 1858 943 1921 creatuS,

115 1954 251 2019 moenia
268 1954 325 2041 qui
343 1952 418 2018 forti
435 1951 588 2040 Trojana
605 1955 668 2017 sub
686 1952 839 2018 Hercule
856 1953 958 2039 cepit,

115 2060 290 2147 litoraque·
298 2059 433 2124 intravit
449 2058 630 2148 Pagasaea
648 2056 781 2126 Colcha
798 2060 928 2126 carina.

116 2166 254 2231 Aeacus
272 2166 352 2231 huic
369 2177 465 2252 pater
481 2177 543 2242 est,
562 2167 620 2253 qui
638 2167 716 2255 jura
733 2167 909 2232 silentibus
927 2166 998 2232 illic
1138 2197 1172 2253 ²5

115 2274 238 2349 reddit,
256 2273 315 2337 ubi
332 2272 502 2338 Aeoliden
519 2295 640 2337 saxum
658 2294 765 2360 grave
783 2272 959 2360 Sisyphon
976 2283 1117 2359 urguet.

116 2379 259 2444 Aeacon
277 2379 433 2467 agnoscit
450 2401 616 2454 summus,
635 2381 835 2466 prolemque
852 2379 976 2444 fatetur
1018 2386 1021 2391 ’

111 2486 269 2573 Juppiter
286 2507 360 2550 esse
377 2507 488 2550 suam.
537 2485 597 2550 Sic
614 2486 655 2550 ab
667 2485 754 2572 Jove
771 2485 887 2551 tertius
903 2486 1009 2573 Ajax.

116 2613 181 2658 nec
197 2604 311 2656 tamen
328 2593 415 2657 haec
432 2591 540 2657 series
557 2592 591 2656 in
609 2612 748 2656 causam
766 2592 884 2678 prosit,
902 2590 1043 2669 Achivi,

117 2700 145 2766 si
162 2700 245 2763 mihi
262 2721 340 2764 cum
359 2721 486 2786 magno
502 2721 571 2764 non
589 2710 639 2763 est
655 2699 847 2786 communis
863 2697 1014 2765 Achille.
1136 2732 1174 2786 30

116 2807 219 2871 frater
235 2818 327 2871 erat:
353 2807 501 2870 fraterna
520 2818 609 2891 peto.
660 2803 753 2888 Quid
772 2807 942 2894 sanguine
960 2818 1072 2873 cretus

116 2912 294 3000 Sisyphio,
312 2912 475 2999 furtisque
493 2924 525 2977 et
541 2913 660 2978 sraude
679 2912 871 2978 simillimus
888 2912 951 2991 illi,

115 3020 233 3085 inserit
249 3016 411 3084 Aeacidis
429 3020 561 3084 alienae
579 3020 719 3086 nomina
737 3018 872 3107 gentis?

81 3152 85 3159 ·
163 3126 242 3191 ‘An
259 3126 350 3212 quod
367 3126 401 3189 in
419 3147 514 3189 arma
530 3127 633 3210 prior,
653 3128 815 3213 nulloque
833 3126 896 3192 sub
912 3125 1026 3193 indice
1042 3129 1137 3205 veni,

116 3255 211 3296 arma
229 3233 390 3320 neganda
408 3230 513 3295 mihi?
537 3234 713 3320 potiorque
731 3232 901 3298 videbitur
918 3233 988 3308 ille,
1135 3267 1171 3321 35

115 3340 234 3403 ultima
251 3338 309 3425 qui
327 3338 427 3423 cepit,
446 3338 711 3425 detrectavitque
729 3343 843 3406 surore

116 3446 271 3509 militiam
288 3446 378 3518 ficto,
398 3446 507 3509 donec
524 3445 691 3510 sollertior
705 3446 784 3522 ist0‚

116 3554 176 3617 sed
193 3552 256 3618 sibi
273 3552 434 3628 inutilior,
451 3550 559 3616 timidi
577 3566 770 3618 commenta
785 3556 906 3622 retexit

115 3659 330 3744 Naupliades
348 3657 466 3733 animi,
484 3657 656 3744 vitataque
672 3661 775 3724 traxit
791 3662 826 3724 in
844 3661 963 3727 arma?

114 3766 242 3850 optima
259 3787 339 3829 num
358 3774 481 3839 sumat,
500 3763 579 3849 quia
595 3786 730 3831 sumere
747 3767 854 3830 noluit
870 3765 963 3831 ulla?
1135 3802 1177 3853 40

109 3894 177 3936 nos
190 3870 386 3937 inhonorati
404 3881 437 3936 et
453 3870 551 3935 donis
568 3872 777 3956 patruelibus
794 3872 881 3949 orbi,
