2490 4208
80 175 172 229 v111.
186 174 260 246 347]
409 154 518 223 Scene
541 154 658 242 ofthe
686 153 808 222 Chasa

81 372 116 427 et
131 384 217 450 quos
234 362 439 448 Hippocobn
456 361 604 448 antiquis
621 360 712 426 misit
728 359 908 448 Amyclis3

80 467 342 554 Penelopesque
358 489 457 533 socer
473 489 551 532 cum
569 467 752 533 Parrhasio
769 465 934 540 Ancae03
1084 497 1115 550 31
1121 495 1135 553 ς

79 572 364 660 Ampycidesque
381 596 504 661 sagax,
524 585 556 638 et
572 575 687 639 adhuc
703 595 723 638 a
740 574 887 661 conjuge
904 584 994 640 tutus

80 679 258 756 Oeclides,
276 681 492 768 nemorisque
509 681 615 745 decus
632 680 797 767 Tegeaea
814 679 959 766 Lycaei.

128 787 259 852 Rasilis
276 787 355 852 huic
372 809 542 853 summam
560 787 738 851 mordebat
753 787 859 851 fibula
875 798 1027 862 vestem3

81 892 186 958 crinis
203 904 276 958 erat
291 894 452 979 simplex,
471 894 599 958 nodum
616 894 780 959 collectus
796 893 831 956 in
846 915 975 968 unum3

81 1020 128 1064 ex
144 1000 287 1065 humero
304 1000 457 1084 pendens
474 1000 657 1065 resonabat
675 1000 826 1064 eburnea
842 999 943 1064 laevo
1084 1028 1137 1085 320

79 1105 226 1170 telorum
244 1088 377 1181 custos3
401 1126 521 1185 ,arcum
539 1127 674 1192 quoque
691 1106 790 1169 laeva
807 1106 966 1170 tenebat:

79 1211 161 1275 talis
176 1222 249 1277 erat
265 1212 377 1287 cultu3
392 1192 521 1288 ''facies,
541 1233 645 1298 quam
662 1211 777 1276 dicere
792 1233 874 1277 vere

78 1317 274 1404 virgineam
290 1317 326 1382 in
342 1340 462 1405 puero,
481 1320 647 1404 puerilem
664 1319 699 1382 in
715 1317 850 1406 virgine
868 1318 991 1403 possis.

129 1423 232 1489 Hanc
247 1424 374 1510 pariter
389 1424 485 1500 vidit,
504 1425 630 1511 pariter
646 1424 861 1512 Calydonius
878 1426 980 1491 heros

78 1530 222 1616 optavit,
241 1543 404 1597 renuente
422 1533 498 1608 deo,
515 1531 742 1619 flammasque
758 1533 903 1597 latentes
1084 1561 1134 1618 325
1199 1582 1203 1587 -

78 1638 207 1713 hausit,
227 1648 261 1704 et
277 1635 333 1719 ιΟ
349 1637 443 1715 felix,
463 1638 490 1704 si
506 1660 609 1725 quem
624 1638 837 1726 dignabitur'
853 1637 964 1725 inquit

79 1745 171 1810 ‘ista
186 1744 297 1810 virum
310 1742 339 1809 l'
384 1745 420 1810 N
422 1765 461 1811 ec
477 1745 576 1831 plura
594 1745 673 1811 sinit
689 1756 892 1832 tempusque
909 1745 1091 1832 pudorque

78 1851 217 1917 dicere:
242 1851 354 1940 majus
369 1873 456 1937 opus
474 1853 593 1940 magni
610 1852 805 1918 certaminis
822 1862 959 1940 urguet.

128 1957 225 2024 Silva
241 1957 402 2047 frequens
418 1959 583 2035 trabibus,
598 1980 706 2045 ‚quam
724 1960 819 2024 nulla
836 1959 1008 2025 ceciderat
1024 1969 1133 2034 aetas,

79 2065 201 2152 incipit
216 2085 237 2130 a
253 2067 370 2151 plan0,
390 2066 592 2153 devexaque
608 2064 771 2152 prospicit
788 2087 892 2131 arva:
1082 2094 1135 2150 330

77 2194 150 2260 quo
166 2183 346 2259 postquam
362 2193 488 2241 venere
504 2173 580 2249 viri,
600 2194 681 2259 pars
697 2175 781 2238 retia
797 2173 952 2248 tendunt,

77 2279 221 2345 vincula
236 2300 316 2365 pars
334 2279 490 2344 adimunt
506 2279 663 2354 canibus,
681 2300 762 2366 pars
779 2300 898 2364 pressa
914 2287 1104 2365 sequuntur

78 2385 183 2474 signa
198 2387 339 2473 pedum,
358 2387 568 2474 cupiuntque
585 2408 685 2453 suum
702 2386 852 2471 reperire
868 2386 1049 2471 periclum.

79 2513 235 2559 concava
250 2493 351 2561 vallis
368 2507 453 2571 erat,
471 2515 540 2581 quo
557 2515 593 2569 se
610 2492 830 2578 demittere
805 2492 868 2557 rrvi

79 2601 267 2667 adsuerant
254 2602 442 2719 pluvralrs
459 2623 591 2688 aquae.
615 2612 708 2667 tenet
723 2601 792 2664 ima
809 2600 954 2666 lacunae
1078 2629 1130 2687 335
1197 2606 1202 2613 '

78 2706 174 2771 lenta
187 2674 279 2772 salix
294 2678 464 2795 ulvaeque
480 2708 601 2773 leves'
587 2683 752 2796 Juilcique
768 2690 902 2792 palust'm
883 2728 951 2783 res,
1120 2716 1125 2721 '

77 2813 278 2900 viminaque
294 2826 327 2881 et
342 2815 448 2903 longa
464 2835 592 2901 parvae
609 2815 672 2880 sub
689 2814 858 2879 arundine
874 2834 1021 2879 cannae.

126 2920 221 2986 Hinc
237 2941 320 3006 aper
335 2921 468 2987 excitus
484 2920 615 2986 medios
632 2920 802 2986 violentus
818 2920 854 2984 in
871 2920 986 2986 hostes

78 3026 197 3104 fertur,
216 3037 253 3092 ut
268 3028 422 3094 excussis
438 3026 513 3093 elisi
531 3027 678 3093 nubibus
696 3027 807 3114 ignes.

78 3131 240 3198 sternitur
255 3133 393 3200 incursu
410 3155 545 3210 nemus,
564 3146 597 3199 et
613 3134 776 3219 propulsa
793 3131 967 3220 fragorem
1080 3163 1133 3217 340

78 3238 168 3305 silva
183 3240 253 3306 dat.
301 3239 508 3306 Exclamant
520 3241 678 3328 juvenes,
697 3251 942 3325 praetentaque
958 3237 1035 3304 forti

77 3347 148 3412 tela
164 3357 280 3413 tenent
294 3348 416 3413 dextra
431 3348 500 3413 lato
516 3347 685 3411 vibrantia
703 3346 804 3411 ferro.

77 3451 137 3517 ille
154 3453 220 3518 ruit
235 3453 433 3543 spargitque
451 3474 568 3530 canes,
586 3463 624 3517 ut
640 3452 783 3539 quisque
801 3450 925 3517 furenti

77 3557 202 3636 obstat,
221 3568 255 3624 et
269 3560 407 3646 obliquo
424 3560 587 3624 latrantes
604 3559 746 3644 dissipat
763 3559 842 3623 ictu.

56 3653 195 3749 [cuspis
212 3662 381 3731 Echionio
396 3664 543 3750 primum
562 3676 714 3730 contorta
731 3665 859 3729 lacerto
1078 3693 1129 3748 345

75 3790 169 3837 vana
185 3769 466 3892 fuitstruncoque
482 3771 575 3837 dedit
590 3771 666 3835 leve
683 3771 806 3834 vulnus
823 3789 964 3835 acerno

61 3855 296 3975 sproxima,
267 3898 296 3943 ιι
311 3876 425 3943 nimiis
438 3876 600 3957 mittentis
619 3877 752 3948 viribus
768 3901 837 3948 usa

585 3989 606 4048 6
