<?xml version="1.0" encoding="UTF-8"?>
<!DOCTYPE html PUBLIC "-//W3C//DTD XHTML 1.0 Transitional//EN"
    "http://www.w3.org/TR/xhtml1/DTD/xhtml1-transitional.dtd">
<html xmlns="http://www.w3.org/1999/xhtml" xml:lang="en" lang="en">
 <head>
  <title>
</title>
<meta http-equiv="Content-Type" content="text/html;charset=utf-8" />
  <meta name='ocr-system' content='tesseract 3.04.00' />
  <meta name='ocr-capabilities' content='ocr_page ocr_carea ocr_par ocr_line ocrx_word'/>
</head>
<body>
  <div class='ocr_page' id='page_1' title='image "./publiovidiinaso00allegoog_0087.png"; bbox 0 0 2490 4208; ppageno 0'>
   <div class='ocr_carea' id='block_1_1' title="bbox 97 143 1148 260">
    <p class='ocr_par' dir='ltr' id='par_1_1' title="bbox 97 143 1148 260">
     <span class='ocr_line' id='line_1_1' title="bbox 97 143 1148 260; baseline 0.01 -25"><span class='ocrx_word' id='word_1_1' title='bbox 97 187 143 253; x_wconf 87' lang='lat'>30</span> <span class='ocrx_word' id='word_1_2' title='bbox 292 189 331 235; x_wconf 88' lang='lat'>11.</span> <span class='ocrx_word' id='word_1_3' title='bbox 372 168 443 236; x_wconf 72' lang='lat' dir='ltr'>Tae</span> <span class='ocrx_word' id='word_1_4' title='bbox 465 143 671 236; x_wconf 72' lang='lat' dir='ltr'>Adventare</span> <span class='ocrx_word' id='word_1_5' title='bbox 693 170 741 256; x_wconf 88' lang='lat' dir='ltr'>of</span> <span class='ocrx_word' id='word_1_6' title='bbox 754 169 948 237; x_wconf 56' lang='lat' dir='ltr'>Phaethon.</span> <span class='ocrx_word' id='word_1_7' title='bbox 1001 186 1148 260; x_wconf 72' lang='lat' dir='ltr'>[Murum</span> 
     </span>
    </p>
   </div>
   <div class='ocr_carea' id='block_1_2' title="bbox 33 342 1148 2800">
    <p class='ocr_par' dir='ltr' id='par_1_2' title="bbox 95 342 1148 668">
     <span class='ocr_line' id='line_1_2' title="bbox 97 342 935 455; baseline 0.001 -25"><span class='ocrx_word' id='word_1_8' title='bbox 97 366 216 442; x_wconf 89' lang='lat' dir='ltr'>credit,</span> <span class='ocrx_word' id='word_1_9' title='bbox 235 377 272 430; x_wconf 92' lang='lat' dir='ltr'>ut</span> <span class='ocrx_word' id='word_1_10' title='bbox 286 365 410 453; x_wconf 81' lang='lat' dir='ltr'>injuste</span> <span class='ocrx_word' id='word_1_11' title='bbox 427 342 671 432; x_wconf 31' lang='lat' dir='ltr'>missi&#39;memor</span> <span class='ocrx_word' id='word_1_12' title='bbox 687 367 778 455; x_wconf 87' lang='lat' dir='ltr'>ignis</span> <span class='ocrx_word' id='word_1_13' title='bbox 794 369 838 433; x_wconf 86' lang='lat' dir='ltr'>ab</span> <span class='ocrx_word' id='word_1_14' title='bbox 855 369 935 434; x_wconf 86' lang='lat' dir='ltr'>illo:</span> 
     </span>
     <span class='ocr_line' id='line_1_3' title="bbox 96 473 1041 561; baseline 0.004 -24"><span class='ocrx_word' id='word_1_15' title='bbox 96 486 220 559; x_wconf 89' lang='lat' dir='ltr'>stagna</span> <span class='ocrx_word' id='word_1_16' title='bbox 237 473 319 559; x_wconf 92' lang='lat' dir='ltr'>petit</span> <span class='ocrx_word' id='word_1_17' title='bbox 336 474 537 559; x_wconf 86' lang='lat' dir='ltr'>patulosque</span> <span class='ocrx_word' id='word_1_18' title='bbox 553 474 664 549; x_wconf 87' lang='lat' dir='ltr'>lacus,</span> <span class='ocrx_word' id='word_1_19' title='bbox 682 474 869 561; x_wconf 84' lang='lat' dir='ltr'>ignemque</span> <span class='ocrx_word' id='word_1_20' title='bbox 886 496 1041 559; x_wconf 88' lang='lat' dir='ltr'>perosus,</span> 
     </span>
     <span class='ocr_line' id='line_1_4' title="bbox 95 570 1148 668; baseline 0.004 -27"><span class='ocrx_word' id='word_1_21' title='bbox 95 599 184 666; x_wconf 88' lang='lat' dir='ltr'>quae</span> <span class='ocrx_word' id='word_1_22' title='bbox 201 580 302 654; x_wconf 85' lang='lat' dir='ltr'>colat,</span> <span class='ocrx_word' id='word_1_23' title='bbox 322 579 426 665; x_wconf 84' lang='lat' dir='ltr'>elegit</span> <span class='ocrx_word' id='word_1_24' title='bbox 442 580 611 643; x_wconf 87' lang='lat' dir='ltr'>contraria</span> <span class='ocrx_word' id='word_1_25' title='bbox 628 579 769 643; x_wconf 88' lang='lat' dir='ltr'>flumina</span> <span class='ocrx_word' id='word_1_26' title='bbox 785 580 945 645; x_wconf 89' lang='lat' dir='ltr'>flammis.</span> <span class='ocrx_word' id='word_1_27' title='bbox 993 570 998 577; x_wconf 46' lang='lat'>⁸</span> <span class='ocrx_word' id='word_1_28' title='bbox 1094 601 1148 668; x_wconf 81' lang='lat'>380</span> 
     </span>
    </p>

    <p class='ocr_par' dir='ltr' id='par_1_3' title="bbox 89 685 1145 2047">
     <span class='ocr_line' id='line_1_5' title="bbox 141 685 1071 773; baseline 0.005 -24"><span class='ocrx_word' id='word_1_29' title='bbox 141 685 328 771; x_wconf 87' lang='lat' dir='ltr'>Squalidus</span> <span class='ocrx_word' id='word_1_30' title='bbox 346 685 475 749; x_wconf 87' lang='lat' dir='ltr'>interea</span> <span class='ocrx_word' id='word_1_31' title='bbox 492 686 627 772; x_wconf 86' lang='lat' dir='ltr'>genitor</span> <span class='ocrx_word' id='word_1_32' title='bbox 643 685 878 762; x_wconf 71' lang='lat' dir='ltr'>Phaethontis,</span> <span class='ocrx_word' id='word_1_33' title='bbox 898 699 931 752; x_wconf 90' lang='lat' dir='ltr'>et</span> <span class='ocrx_word' id='word_1_34' title='bbox 946 709 1071 773; x_wconf 88' lang='lat' dir='ltr'>expers</span> 
     </span>
     <span class='ocr_line' id='line_1_6' title="bbox 93 790 890 878; baseline 0.001 -23"><span class='ocrx_word' id='word_1_35' title='bbox 93 790 168 878; x_wconf 89' lang='lat' dir='ltr'>ipse</span> <span class='ocrx_word' id='word_1_36' title='bbox 186 791 237 855; x_wconf 91' lang='lat' dir='ltr'>sui</span> <span class='ocrx_word' id='word_1_37' title='bbox 254 792 399 866; x_wconf 89' lang='lat' dir='ltr'>decoris,</span> <span class='ocrx_word' id='word_1_38' title='bbox 418 792 530 876; x_wconf 84' lang='lat' dir='ltr'>qualis</span> <span class='ocrx_word' id='word_1_39' title='bbox 546 812 625 856; x_wconf 91' lang='lat' dir='ltr'>cum</span> <span class='ocrx_word' id='word_1_40' title='bbox 642 792 757 856; x_wconf 83' lang='lat' dir='ltr'>deficit</span> <span class='ocrx_word' id='word_1_41' title='bbox 773 793 890 857; x_wconf 89' lang='lat' dir='ltr'>orbem</span> 
     </span>
     <span class='ocr_line' id='line_1_7' title="bbox 94 893 970 985; baseline 0.003 -23"><span class='ocrx_word' id='word_1_42' title='bbox 94 918 170 962; x_wconf 88' lang='lat' dir='ltr'>esse</span> <span class='ocrx_word' id='word_1_43' title='bbox 187 897 284 972; x_wconf 76' lang='lat' dir='ltr'>solet,</span> <span class='ocrx_word' id='word_1_44' title='bbox 302 897 482 983; x_wconf 89' lang='lat' dir='ltr'>lucemque</span> <span class='ocrx_word' id='word_1_45' title='bbox 499 898 570 962; x_wconf 89' lang='lat' dir='ltr'>odit</span> <span class='ocrx_word' id='word_1_46' title='bbox 585 893 691 982; x_wconf 84' lang='lat' dir='ltr'>seque</span> <span class='ocrx_word' id='word_1_47' title='bbox 706 899 779 982; x_wconf 87' lang='lat' dir='ltr'>ipse</span> <span class='ocrx_word' id='word_1_48' title='bbox 797 900 970 985; x_wconf 86' lang='lat' dir='ltr'>diemque,</span> 
     </span>
     <span class='ocr_line' id='line_1_8' title="bbox 94 1003 1029 1089; baseline 0.003 -21"><span class='ocrx_word' id='word_1_49' title='bbox 94 1004 219 1089; x_wconf 86' lang='lat' dir='ltr'>datque</span> <span class='ocrx_word' id='word_1_50' title='bbox 237 1004 389 1066; x_wconf 87' lang='lat' dir='ltr'>animum</span> <span class='ocrx_word' id='word_1_51' title='bbox 405 1003 441 1067; x_wconf 90' lang='lat' dir='ltr'>in</span> <span class='ocrx_word' id='word_1_52' title='bbox 457 1003 581 1079; x_wconf 77' lang='lat' dir='ltr'>luctuS,</span> <span class='ocrx_word' id='word_1_53' title='bbox 621 1014 633 1067; x_wconf 93' lang='lat' dir='ltr'>t</span> <span class='ocrx_word' id='word_1_54' title='bbox 648 1004 794 1068; x_wconf 89' lang='lat' dir='ltr'>luctibus</span> <span class='ocrx_word' id='word_1_55' title='bbox 812 1004 914 1070; x_wconf 87' lang='lat' dir='ltr'>adicit</span> <span class='ocrx_word' id='word_1_56' title='bbox 929 1006 1029 1082; x_wconf 89' lang='lat' dir='ltr'>iram,</span> 
     </span>
     <span class='ocr_line' id='line_1_9' title="bbox 94 1025 1145 1199; baseline 0.009 -24"><span class='ocrx_word' id='word_1_57' title='bbox 94 1108 311 1195; x_wconf 90' lang='lat' dir='ltr'>officiumque</span> <span class='ocrx_word' id='word_1_58' title='bbox 328 1119 432 1196; x_wconf 86' lang='lat' dir='ltr'>negat</span> <span class='ocrx_word' id='word_1_59' title='bbox 449 1025 650 1191; x_wconf 56' lang='lat' dir='ltr'>mundoj‘</span> <span class='ocrx_word' id='word_1_60' title='bbox 664 1109 773 1175; x_wconf 88' lang='lat' dir='ltr'>Satis&#39;</span> <span class='ocrx_word' id='word_1_61' title='bbox 790 1110 898 1197; x_wconf 91' lang='lat' dir='ltr'>inquit</span> <span class='ocrx_word' id='word_1_62' title='bbox 915 1113 978 1178; x_wconf 90' lang='lat' dir='ltr'>‘ab</span> <span class='ocrx_word' id='word_1_63' title='bbox 995 1113 1072 1180; x_wconf 86' lang='lat' dir='ltr'>aevi</span> <span class='ocrx_word' id='word_1_64' title='bbox 1092 1131 1145 1199; x_wconf 79' lang='lat'>385</span> 
     </span>
     <span class='ocr_line' id='line_1_10' title="bbox 94 1215 933 1304; baseline 0.004 -24"><span class='ocrx_word' id='word_1_65' title='bbox 94 1238 167 1280; x_wconf 90' lang='lat' dir='ltr'>sors</span> <span class='ocrx_word' id='word_1_66' title='bbox 184 1236 260 1279; x_wconf 87' lang='lat' dir='ltr'>mea</span> <span class='ocrx_word' id='word_1_67' title='bbox 277 1215 455 1301; x_wconf 84' lang='lat' dir='ltr'><strong>principiis</strong></span> <span class='ocrx_word' id='word_1_68' title='bbox 471 1215 533 1279; x_wconf 84' lang='lat' dir='ltr'>fuit</span> <span class='ocrx_word' id='word_1_69' title='bbox 548 1215 751 1302; x_wconf 88' lang='lat' dir='ltr'>inrequieta,</span> <span class='ocrx_word' id='word_1_70' title='bbox 771 1217 933 1304; x_wconf 88' lang='lat' dir='ltr'>pigetque</span> 
     </span>
     <span class='ocr_line' id='line_1_11' title="bbox 94 1321 961 1398; baseline 0.003 -12"><span class='ocrx_word' id='word_1_71' title='bbox 94 1333 246 1387; x_wconf 87' lang='lat' dir='ltr'>actorum</span> <span class='ocrx_word' id='word_1_72' title='bbox 264 1323 337 1386; x_wconf 88' lang='lat' dir='ltr'>sine</span> <span class='ocrx_word' id='word_1_73' title='bbox 354 1323 422 1386; x_wconf 89' lang='lat' dir='ltr'>fine</span> <span class='ocrx_word' id='word_1_74' title='bbox 440 1321 536 1398; x_wconf 78' lang='lat' dir='ltr'>mil-ii,</span> <span class='ocrx_word' id='word_1_75' title='bbox 555 1322 628 1387; x_wconf 89' lang='lat' dir='ltr'>sine</span> <span class='ocrx_word' id='word_1_76' title='bbox 646 1324 775 1388; x_wconf 88' lang='lat' dir='ltr'>honore</span> <span class='ocrx_word' id='word_1_77' title='bbox 792 1325 961 1389; x_wconf 86' lang='lat' dir='ltr'>laborum.</span> 
     </span>
     <span class='ocr_line' id='line_1_12' title="bbox 92 1429 926 1516; baseline 0 -24"><span class='ocrx_word' id='word_1_78' title='bbox 92 1429 234 1516; x_wconf 88' lang='lat' dir='ltr'>quilibet</span> <span class='ocrx_word' id='word_1_79' title='bbox 251 1430 334 1492; x_wconf 87' lang='lat' dir='ltr'>alter</span> <span class='ocrx_word' id='word_1_80' title='bbox 351 1440 433 1515; x_wconf 86' lang='lat' dir='ltr'>agat</span> <span class='ocrx_word' id='word_1_81' title='bbox 449 1440 621 1515; x_wconf 89' lang='lat' dir='ltr'>portantes</span> <span class='ocrx_word' id='word_1_82' title='bbox 638 1430 769 1493; x_wconf 91' lang='lat' dir='ltr'>lumina</span> <span class='ocrx_word' id='word_1_83' title='bbox 786 1451 926 1494; x_wconf 86' lang='lat' dir='ltr'>currus:</span> 
     </span>
     <span class='ocr_line' id='line_1_13' title="bbox 93 1526 978 1621; baseline 0 -21"><span class='ocrx_word' id='word_1_84' title='bbox 93 1537 122 1600; x_wconf 90' lang='lat' dir='ltr'>si</span> <span class='ocrx_word' id='word_1_85' title='bbox 139 1556 240 1599; x_wconf 92' lang='lat' dir='ltr'>nemo</span> <span class='ocrx_word' id='word_1_86' title='bbox 257 1526 320 1610; x_wconf 71' lang='lat' dir='ltr'>est,</span> <span class='ocrx_word' id='word_1_87' title='bbox 338 1556 525 1621; x_wconf 89' lang='lat' dir='ltr'>omnesque</span> <span class='ocrx_word' id='word_1_88' title='bbox 543 1535 598 1599; x_wconf 87' lang='lat' dir='ltr'>dei</span> <span class='ocrx_word' id='word_1_89' title='bbox 616 1557 683 1600; x_wconf 88' lang='lat' dir='ltr'>non</span> <span class='ocrx_word' id='word_1_90' title='bbox 701 1557 801 1620; x_wconf 87' lang='lat' dir='ltr'>posse</span> <span class='ocrx_word' id='word_1_91' title='bbox 818 1536 978 1613; x_wconf 85' lang='lat' dir='ltr'>fatentur,</span> 
     </span>
     <span class='ocr_line' id='line_1_14' title="bbox 92 1641 1088 1728; baseline 0.004 -21"><span class='ocrx_word' id='word_1_92' title='bbox 92 1641 166 1726; x_wconf 89' lang='lat' dir='ltr'>ipse</span> <span class='ocrx_word' id='word_1_93' title='bbox 183 1652 265 1728; x_wconf 88' lang='lat' dir='ltr'>agat</span> <span class='ocrx_word' id='word_1_94' title='bbox 275 1663 285 1716; x_wconf 92' lang='lat'>;</span> <span class='ocrx_word' id='word_1_95' title='bbox 310 1652 347 1706; x_wconf 92' lang='lat' dir='ltr'>ut</span> <span class='ocrx_word' id='word_1_96' title='bbox 362 1642 497 1717; x_wconf 89' lang='lat' dir='ltr'>saltem,</span> <span class='ocrx_word' id='word_1_97' title='bbox 514 1642 597 1705; x_wconf 90' lang='lat' dir='ltr'>dum</span> <span class='ocrx_word' id='word_1_98' title='bbox 615 1653 748 1707; x_wconf 86' lang='lat' dir='ltr'>nostras</span> <span class='ocrx_word' id='word_1_99' title='bbox 764 1652 906 1727; x_wconf 85' lang='lat' dir='ltr'>temptat</span> <span class='ocrx_word' id='word_1_100' title='bbox 921 1643 1088 1723; x_wconf 83' lang='lat' dir='ltr'>habenas,</span> 
     </span>
     <span class='ocr_line' id='line_1_15' title="bbox 91 1747 947 1833; baseline 0 -20"><span class='ocrx_word' id='word_1_101' title='bbox 91 1749 250 1814; x_wconf 86' lang='lat' dir='ltr'>orbatura</span> <span class='ocrx_word' id='word_1_102' title='bbox 267 1759 381 1833; x_wconf 87' lang='lat' dir='ltr'>patres</span> <span class='ocrx_word' id='word_1_103' title='bbox 399 1748 583 1833; x_wconf 89' lang='lat' dir='ltr'>aliquando</span> <span class='ocrx_word' id='word_1_104' title='bbox 600 1747 742 1812; x_wconf 86' lang='lat' dir='ltr'>fulmina</span> <span class='ocrx_word' id='word_1_105' title='bbox 759 1760 876 1833; x_wconf 89' lang='lat' dir='ltr'>ponat.</span> <span class='ocrx_word' id='word_1_106' title='bbox 943 1818 947 1823; x_wconf 63' lang='grc'><strong>,</strong></span> 
     </span>
     <span class='ocr_line' id='line_1_16' title="bbox 90 1844 1008 1942; baseline 0.001 -22"><span class='ocrx_word' id='word_1_107' title='bbox 90 1867 162 1920; x_wconf 89' lang='lat' dir='ltr'>tum</span> <span class='ocrx_word' id='word_1_108' title='bbox 179 1855 275 1930; x_wconf 89' lang='lat' dir='ltr'>sciet,</span> <span class='ocrx_word' id='word_1_109' title='bbox 293 1854 495 1941; x_wconf 86' lang='lat' dir='ltr'>ignipedum</span> <span class='ocrx_word' id='word_1_110' title='bbox 512 1855 602 1920; x_wconf 86' lang='lat' dir='ltr'>vires</span> <span class='ocrx_word' id='word_1_111' title='bbox 619 1864 779 1939; x_wconf 86' lang='lat' dir='ltr'>expertus</span> <span class='ocrx_word' id='word_1_112' title='bbox 795 1877 974 1942; x_wconf 87' lang='lat' dir='ltr'>equorum,</span> <span class='ocrx_word' id='word_1_113' title='bbox 1006 1844 1008 1848; x_wconf 35' lang='lat'><strong><em>¹</em></strong></span> 
     </span>
     <span class='ocr_line' id='line_1_17' title="bbox 89 1961 1018 2047; baseline 0.003 -20"><span class='ocrx_word' id='word_1_114' title='bbox 89 1984 159 2028; x_wconf 90' lang='lat' dir='ltr'>non</span> <span class='ocrx_word' id='word_1_115' title='bbox 177 1963 342 2027; x_wconf 88' lang='lat' dir='ltr'>meruisse</span> <span class='ocrx_word' id='word_1_116' title='bbox 359 1981 492 2037; x_wconf 90' lang='lat' dir='ltr'>necem,</span> <span class='ocrx_word' id='word_1_117' title='bbox 511 1961 570 2047; x_wconf 90' lang='lat' dir='ltr'>qui</span> <span class='ocrx_word' id='word_1_118' title='bbox 586 1983 655 2027; x_wconf 93' lang='lat' dir='ltr'>non</span> <span class='ocrx_word' id='word_1_119' title='bbox 672 1963 760 2028; x_wconf 89' lang='lat' dir='ltr'>bene</span> <span class='ocrx_word' id='word_1_120' title='bbox 775 1964 901 2029; x_wconf 87' lang='lat' dir='ltr'>rexerit</span> <span class='ocrx_word' id='word_1_121' title='bbox 916 1962 1018 2030; x_wconf 64' lang='lat' dir='ltr'>illos!</span> 
     </span>
    </p>

    <p class='ocr_par' dir='ltr' id='par_1_4' title="bbox 33 2068 1140 2800">
     <span class='ocr_line' id='line_1_18' title="bbox 135 2068 928 2135; baseline 0.003 -2"><span class='ocrx_word' id='word_1_122' title='bbox 135 2069 238 2133; x_wconf 90' lang='lat' dir='ltr'>Talia</span> <span class='ocrx_word' id='word_1_123' title='bbox 255 2068 423 2133; x_wconf 87' lang='lat' dir='ltr'>dicentem</span> <span class='ocrx_word' id='word_1_124' title='bbox 441 2068 662 2134; x_wconf 82' lang='lat' dir='ltr'>circumstant</span> <span class='ocrx_word' id='word_1_125' title='bbox 677 2069 792 2134; x_wconf 89' lang='lat' dir='ltr'>omnia</span> <span class='ocrx_word' id='word_1_126' title='bbox 811 2069 928 2135; x_wconf 91' lang='lat' dir='ltr'>Solem</span> 
     </span>
     <span class='ocr_line' id='line_1_19' title="bbox 33 2173 1140 2265; baseline -0.001 -25"><span class='ocrx_word' id='word_1_127' title='bbox 33 2234 36 2241; x_wconf 78' lang='grc'>,</span> <span class='ocrx_word' id='word_1_128' title='bbox 89 2173 245 2249; x_wconf 89' lang='lat' dir='ltr'>numina,</span> <span class='ocrx_word' id='word_1_129' title='bbox 264 2194 350 2237; x_wconf 90' lang='lat' dir='ltr'>neve</span> <span class='ocrx_word' id='word_1_130' title='bbox 366 2173 448 2237; x_wconf 89' lang='lat' dir='ltr'>velit</span> <span class='ocrx_word' id='word_1_131' title='bbox 464 2173 623 2238; x_wconf 88' lang='lat' dir='ltr'>tenebras</span> <span class='ocrx_word' id='word_1_132' title='bbox 640 2173 803 2239; x_wconf 87' lang='lat' dir='ltr'>inducere</span> <span class='ocrx_word' id='word_1_133' title='bbox 821 2174 973 2250; x_wconf 88' lang='lat' dir='ltr'>rebus‚-</span> <span class='ocrx_word' id='word_1_134' title='bbox 1088 2206 1140 2265; x_wconf 81' lang='lat'>393</span> 
     </span>
     <span class='ocr_line' id='line_1_20' title="bbox 90 2269 1107 2372; baseline 0.002 -25"><span class='ocrx_word' id='word_1_135' title='bbox 90 2275 245 2366; x_wconf 82' lang='lat' dir='ltr'>supplice</span> <span class='ocrx_word' id='word_1_136' title='bbox 261 2301 346 2347; x_wconf 92' lang='lat' dir='ltr'>voce</span> <span class='ocrx_word' id='word_1_137' title='bbox 363 2292 488 2368; x_wconf 90' lang='lat' dir='ltr'>rogant</span> <span class='ocrx_word' id='word_1_138' title='bbox 498 2302 507 2355; x_wconf 83' lang='lat'>3</span> <span class='ocrx_word' id='word_1_139' title='bbox 533 2280 655 2346; x_wconf 89' lang='lat' dir='ltr'>missos</span> <span class='ocrx_word' id='word_1_140' title='bbox 673 2302 808 2367; x_wconf 86' lang='lat' dir='ltr'>quoque</span> <span class='ocrx_word' id='word_1_141' title='bbox 820 2281 978 2366; x_wconf 88' lang='lat' dir='ltr'>Juppiter</span> <span class='ocrx_word' id='word_1_142' title='bbox 993 2269 1107 2372; x_wconf 44' lang='lat' dir='ltr'>ignes*</span> 
     </span>
     <span class='ocr_line' id='line_1_21' title="bbox 89 2389 914 2477; baseline -0.001 -24"><span class='ocrx_word' id='word_1_143' title='bbox 89 2399 243 2464; x_wconf 85' lang='lat' dir='ltr'>excusat,</span> <span class='ocrx_word' id='word_1_144' title='bbox 262 2389 488 2476; x_wconf 88' lang='lat' dir='ltr'>precibusque</span> <span class='ocrx_word' id='word_1_145' title='bbox 505 2390 617 2454; x_wconf 88' lang='lat' dir='ltr'>minas</span> <span class='ocrx_word' id='word_1_146' title='bbox 633 2390 794 2477; x_wconf 82' lang='lat' dir='ltr'>regaliter</span> <span class='ocrx_word' id='word_1_147' title='bbox 810 2389 914 2454; x_wconf 89' lang='lat' dir='ltr'>addit.</span> 
     </span>
     <span class='ocr_line' id='line_1_22' title="bbox 89 2482 929 2583; baseline 0.002 -23"><span class='ocrx_word' id='word_1_148' title='bbox 89 2494 220 2583; x_wconf 88' lang='lat' dir='ltr'>colligit</span> <span class='ocrx_word' id='word_1_149' title='bbox 235 2508 389 2562; x_wconf 87' lang='lat' dir='ltr'>amentes</span> <span class='ocrx_word' id='word_1_150' title='bbox 405 2508 438 2562; x_wconf 88' lang='lat' dir='ltr'>et</span> <span class='ocrx_word' id='word_1_151' title='bbox 454 2499 568 2562; x_wconf 93' lang='lat' dir='ltr'>adhuc</span> <span class='ocrx_word' id='word_1_152' title='bbox 584 2509 711 2563; x_wconf 86' lang='lat' dir='ltr'>terrore</span> <span class='ocrx_word' id='word_1_153' title='bbox 729 2508 892 2582; x_wconf 86' lang='lat' dir='ltr'>paventes</span> <span class='ocrx_word' id='word_1_154' title='bbox 921 2482 929 2495; x_wconf 62' lang='lat'><em>⁶</em></span> 
     </span>
     <span class='ocr_line' id='line_1_23' title="bbox 88 2600 1126 2691; baseline 0.003 -23"><span class='ocrx_word' id='word_1_155' title='bbox 88 2600 250 2669; x_wconf 90' lang='lat' dir='ltr'>Phoebus</span> <span class='ocrx_word' id='word_1_156' title='bbox 268 2625 386 2689; x_wconf 88' lang='lat' dir='ltr'>equos,</span> <span class='ocrx_word' id='word_1_157' title='bbox 406 2605 609 2691; x_wconf 91' lang='lat' dir='ltr'>stimuloque</span> <span class='ocrx_word' id='word_1_158' title='bbox 626 2606 770 2670; x_wconf 87' lang='lat' dir='ltr'>domans</span> <span class='ocrx_word' id='word_1_159' title='bbox 786 2615 819 2670; x_wconf 93' lang='lat' dir='ltr'>et</span> <span class='ocrx_word' id='word_1_160' title='bbox 835 2605 976 2671; x_wconf 89' lang='lat' dir='ltr'>verbere</span> <span class='ocrx_word' id='word_1_161' title='bbox 994 2608 1126 2673; x_wconf 67' lang='lat' dir='ltr'>caedite</span> 
     </span>
     <span class='ocr_line' id='line_1_24' title="bbox 88 2709 1139 2800; baseline 0.003 -24"><span class='ocrx_word' id='word_1_162' title='bbox 88 2709 197 2776; x_wconf 88' lang='lat' dir='ltr'>saevit</span> <span class='ocrx_word' id='word_1_163' title='bbox 212 2709 317 2786; x_wconf 90' lang='lat' dir='ltr'>enim,</span> <span class='ocrx_word' id='word_1_164' title='bbox 335 2721 520 2797; x_wconf 89' lang='lat' dir='ltr'>natumque</span> <span class='ocrx_word' id='word_1_165' title='bbox 537 2712 684 2800; x_wconf 84' lang='lat' dir='ltr'>objectat</span> <span class='ocrx_word' id='word_1_166' title='bbox 700 2726 733 2777; x_wconf 94' lang='lat' dir='ltr'>et</span> <span class='ocrx_word' id='word_1_167' title='bbox 748 2711 892 2798; x_wconf 91' lang='lat' dir='ltr'>imputat</span> <span class='ocrx_word' id='word_1_168' title='bbox 906 2713 987 2779; x_wconf 87' lang='lat' dir='ltr'>illis.</span> <span class='ocrx_word' id='word_1_169' title='bbox 1084 2745 1139 2798; x_wconf 87' lang='lat'>400</span> 
     </span>
    </p>
   </div>
   <div class='ocr_carea' id='block_1_3' title="bbox 0 0 1250 4208">
    <p class='ocr_par' dir='ltr' id='par_1_5' title="bbox 0 0 1250 4208">
     <span class='ocr_line' id='line_1_25' title="bbox 0 0 1250 4208; baseline 0 3"><span class='ocrx_word' id='word_1_170' title='bbox 0 0 1250 4208; x_wconf 95' lang='lat' dir='ltr'> </span> 
     </span>
    </p>
   </div>
  </div>
 </body>
</html>
