2490 4208
113 185 294 259 v111.413.]
400 168 472 237 He
504 167 596 237 Wild
615 167 719 237 Boar
741 176 779 235 at
800 167 896 255 Bay.
987 204 993 219 ι
1124 166 1168 249 83

114 375 187 441 fixa
204 375 267 440 sub
284 395 368 440 aure
384 374 447 441 seri
463 397 637 443 summurn
653 373 833 462 destringit
849 362 982 443 arundo

115 502 255 567 corpus,
273 491 307 547 et
321 480 450 569 exiguo
465 480 631 547 rubefecit
647 481 816 568 sanguine
833 490 959 546 saetas.

115 609 183 653 nec
198 598 313 653 tamen
328 587 389 653 illa
405 586 458 653 sui
474 608 638 654 successu
650 587 770 653 laetior
786 585 885 661 ictus,

115 716 221 781 quarn
237 693 437 782 Meleagros
453 703 538 759 erat.
586 692 725 759 Primus
739 691 866 784 vidisse
882 702 1031 777 putatur,
1117 710 1171 779 385

116 811 152 867 et
166 801 296 886 primus
312 800 413 866 sociis
427 798 540 866 visum
556 799 745 865 ostendisse
763 818 932 874 cruorem,

117 917 152 973 et
168 917 178 948 ‘
192 907 373 975 Meritum’
389 905 518 972 dixisse
537 915 545 947 ⁶
561 906 650 971 feres
666 902 798 970 virtutis
815 904 1002 970 honorem?

116 1013 332 1079 erubuere
300 1012 376 1090 vrri,
394 1033 500 1100 seque
517 1013 753 1088 exhortantur,
771 1020 804 1077 et
820 1010 951 1077 addunt

117 1140 198 1184 cum
214 1119 363 1187 clamore
379 1119 524 1196 animos,
538 1117 739 1206 jaciuntque
756 1115 830 1183 sine
845 1116 965 1183 ordine
982 1116 1070 1183 tela.

90 1192 217 1291 sturba
233 1235 334 1295 nooet
343 1225 457 1313 jactis,
475 1235 508 1291 et
522 1246 608 1312 quos
624 1223 720 1309 petit,
738 1221 905 1309 impedit
896 1234 996 1289 retus
1117 1254 1171 1312 390

162 1330 255 1399 Ecce
272 1332 387 1399 furens
404 1342 521 1399 contra
537 1352 601 1397 sua
617 1332 687 1397 fata
702 1329 897 1416 bipennifer
911 1328 1024 1397 Arcas
1169 1343 1171 1347 “

118 1438 286 1516 ‘Discite,
304 1437 459 1505 femineis
475 1438 558 1524 quid
574 1437 642 1504 tela
658 1436 769 1503 virilia
785 1447 971 1522 praestent,

116 1545 150 1612 O
161 1545 321 1634 juvenes,
337 1544 507 1632 operique
517 1565 596 1610 meo
612 1542 809 1636 concedite’
823 1542 930 1618 dixit;

118 1650 215 1736 ‘ipsa
233 1649 303 1716 suis
319 1650 398 1716 licet
413 1650 506 1716 hunc
522 1649 669 1717 Latonia
686 1659 844 1738 protegat
861 1649 980 1727 armis,
1057 1684 1059 1689 ·

115 1756 223 1822 invita
239 1748 353 1822 tamen
370 1757 462 1823 hunc
478 1756 624 1842 perimet
640 1777 718 1823 mea
735 1757 856 1823 dextra
874 1755 1014 1827 Diana.'
1115 1787 1168 1846 393

115 1863 197 1929 talia
214 1862 437 1951 magniloquo
453 1863 603 1931 tumidus
620 1874 871 1931 memoraverat
885 1884 958 1939 ore,

116 1969 368 2056 ancipitemque
384 1990 488 2037 manu
504 1969 627 2036 tollens
643 1980 787 2057 utraque
804 1969 953 2037 securim

115 2074 282 2140 institerat
297 2074 424 2163 digitis,
442 2075 571 2160 primos
586 2097 775 2161 suspensus
791 2075 826 2140 in
844 2087 950 2143 artus.

114 2189 262 2266 occupat
278 2181 473 2258 audentem,
491 2174 630 2268 quaque
645 2193 696 2248 est
711 2182 768 2248 via
784 2183 942 2268 proxima
958 2183 1040 2260 leto,

115 2308 250 2353 summa
266 2287 358 2355 serus
374 2287 531 2447 gemipos
547 2288 671 2355 direxit
688 2289 732 2354 ad
748 2288 893 2377 inguina
909 2291 1041 2357 dentes.
1112 2322 1168 2375 400

115 2393 263 2460 concidit
278 2392 453 2469 Ancaeus,
471 2394 731 2481 glomerataque
747 2396 919 2484 sanguine
937 2397 1044 2465 multo

114 2500 248 2569 viscera
262 2499 359 2585 lapsa
375 2498 497 2576 fluunt,
500 2492 778 2591 madefactaque
794 2514 885 2569 terra
901 2523 1022 2571 cruore
1039 2514 1101 2571 est.

158 2605 237 2672 Ibat
250 2605 287 2670 in
302 2606 484 2671 adversum
501 2606 615 2692 proles
631 2607 761 2674 Ixionis
779 2609 912 2677 hostem

114 2711 298 2788 Pirithous,
315 2712 431 2778 valida
446 2713 603 2798 quatiens
619 2715 790 2780 venabula
807 2715 942 2781 dextra.

115 2815 168 2880 cui
185 2815 304 2902 procul
319 2813 475 2903 Aegides
492 2815 548 2881 ‘O
565 2836 619 2882 me
636 2817 721 2882 mihi
738 2819 869 2885 carior’
886 2819 996 2908 inquit
1111 2851 1164 2910 405

115 2932 220 3008 ‘pars
236 2920 372 2986 animae
388 2921 535 3011 consiste
551 2922 670 2989 meae!
696 2924 775 2990 licet
790 2924 925 2991 eminus
942 2947 1017 2992 esse

115 3027 276 3093 sortibus:
299 3024 444 3093 Ancaeo
460 3028 576 3094 nocuit
591 3031 772 3095 temeraria
789 3031 921 3097 virtus!

115 3133 209 3210 dixit,
229 3144 263 3198 et
278 3143 393 3198 aerata
409 3133 505 3199 torsit
520 3156 628 3222 grave
645 3136 787 3222 cuspide
803 3158 966 3203 cornum:

115 3240 167 3305 cui
182 3240 272 3306 bene
287 3239 409 3307 librato
423 3241 562 3328 votique
578 3253 714 3329 potente
731 3243 844 3310 futuro

115 3345 238 3412 obstitit
253 3345 412 3411 aesculea
429 3347 610 3415 frondosus
627 3350 671 3441 ab
687 3349 809 3417 arbore
824 3371 955 3417 ramus.
1111 3381 1165 3434 410

83 3443 87 3453 ’
115 3451 202 3518 misit
218 3463 251 3517 et
266 3450 460 3520 Aesonides
472 3454 641 3542 jaculum,
655 3444 751 3542 iquod
768 3477 868 3522 casus
885 3457 1004 3525 abillo
1101 3457 1104 3462 ’

115 3558 209 3624 vertit
224 3558 259 3623 in
276 3557 436 3625 immeriti
452 3560 558 3625 satum
576 3562 741 3638 latrantis,
760 3573 793 3628 et
808 3562 896 3629 inter

116 3661 168 3729 ilia
184 3663 378 3754 conjectum
393 3665 514 3731 tellure
530 3688 592 3751 per
607 3667 666 3732 ilia
682 3669 790 3735 fixum
807 3650 890 3767 ests}

154 3768 203 3837 At
219 3791 343 3837 manus
360 3770 516 3837 Oenidae
533 3773 663 3847 variat;
690 3775 871 3863 missisque
882 3768 1023 3844 ¹duabus

118 3874 209 3981 hasta
221 3876 318 3965 prior
332 3886 432 3955 terra,
450 3878 564 3946 medio
579 3881 672 3949 stetit
688 3883 800 3954 altera
816 3897 935 3980 tergo.
1138 3913 1196 3968 mr,
