2490 4208
43 224 48 233 Ι
100 158 246 233 X11.73.]
426 145 498 214 The
520 145 643 214 House
665 151 714 233 of
725 148 848 216 Fame.
1089 170 1172 235 113·

100 340 334 427 caelestesque
349 343 486 432 plagas,
504 344 647 431 triplicis
664 345 813 411 confinia
830 346 971 411 mundi:
1116 379 1153 430 40

98 449 191 513 unde
207 447 299 534 quod
315 461 366 514 est
382 472 540 537 usquam,
557 451 715 537 quamvis
732 452 930 538 regionibus
947 453 1046 528 absit,

98 554 288 640 inspicitur,
307 567 529 642 penetratque
546 578 650 623 cavas
666 580 735 622 vox
751 558 861 622 omnis
879 560 923 623 ad
941 580 1052 624 aures.

98 661 193 725 sama
210 670 312 736 tenet,
331 683 533 748 summaque
551 664 691 728 domum
709 663 772 729 sibi
789 664 878 751 legit
890 664 925 751 in
943 686 1044 740 arce3

98 767 364 855 innumerosque
382 768 493 833 aditus
510 789 552 834 ac
568 770 662 834 mille
679 769 846 834 foramina
862 770 960 836 tectis

99 874 242 950 addidit,
261 886 293 940 et
308 873 411 939 nullis
427 874 565 962 inclusit
580 875 699 941 limina
716 876 834 962 portis.
1115 907 1150 964 45

98 992 198 1047 nocte
215 981 337 1068 dieque
353 993 464 1077 patet:
490 992 558 1045 tota
575 993 626 1046 est
641 1002 686 1046 ex
702 1003 782 1048 aere
798 984 932 1049 sonanti
946 1007 955 1059 3

98 1099 167 1153 tota
183 1087 309 1165 fremit,
325 1109 496 1174 vocesque
512 1086 626 1162 refert,
646 1087 825 1175 iteratque,
843 1091 936 1176 quod
953 1090 1068 1166 audit3

99 1195 193 1259 nulla
211 1195 308 1281 quies
323 1195 426 1270 intuS,
442 1194 605 1282 nullaque
623 1193 756 1258 silentia
774 1205 882 1281 parte.

97 1322 165 1366 nec
179 1311 295 1366 tamen
311 1312 363 1367 est
378 1302 520 1377 clamor,
539 1300 600 1366 sed
617 1321 744 1385 parvae
762 1323 938 1368 murmura
954 1304 1070 1370 vocis:

98 1409 215 1494 qualia
231 1409 273 1473 de
290 1409 418 1496 pelagi,
438 1408 465 1474 si
482 1407 557 1494 quis
575 1408 693 1493 procul
711 1407 839 1483 audiat,
859 1409 960 1475 undis
1116 1442 1149 1497 50

98 1535 174 1580 esse
191 1517 320 1589 solent;
344 1517 524 1602 qualemve
541 1536 677 1589 sonum,
696 1535 773 1578 cum
787 1512 944 1599 Juppiter
961 1527 1052 1582 atras

97 1621 267 1708 increpuit
282 1623 404 1698 nubes,
422 1634 576 1688 extrema
592 1623 739 1686 tonitrua
756 1621 914 1685 reddunt.

98 1728 184 1794 atria
201 1730 299 1794 turba
315 1739 426 1795 tenet:
449 1729 591 1794 veniunt
606 1729 682 1794 leve
698 1728 836 1815 vulgus,
856 1739 1026 1815 euntque3

98 1835 272 1923 mixtaque
289 1857 367 1900 cum
383 1836 473 1902 veris
490 1835 616 1921 passim
634 1847 826 1900 commenta
842 1846 1014 1921 vagantur

97 1943 192 2007 milia
209 1964 396 2020 rumorum,
415 1943 625 2028 confusaque
641 1943 746 2007 verba
762 1942 927 2007 volutant.
1114 1971 1146 2029 55

97 2071 116 2116 e
132 2049 255 2137 quibus
272 2049 306 2114 hi
322 2070 451 2114 vacuas
467 2048 611 2135 implent
626 2048 840 2114 sermonibus
858 2069 971 2125 aures,

97 2157 132 2222 hi
150 2167 286 2221 narrata
303 2157 415 2222 serunt
432 2156 511 2232 alio,
530 2176 759 2241 mensuraque
777 2155 844 2221 ficti

96 2262 230 2338 crescit,
250 2273 282 2328 et
298 2262 420 2328 auditis
437 2262 564 2348 aliquid
582 2284 691 2327 novus
709 2262 811 2326 adicit
828 2274 957 2328 auctor.

72 2436 78 2445 ,
94 2369 167 2434 illic
182 2368 391 2444 Credulitas,
408 2368 479 2434 illic
494 2368 695 2434 temerarius
712 2367 829 2443 Error,

94 2496 253 2562 vanaque
270 2474 417 2540 Laetitia
433 2486 496 2549 est,
515 2474 788 2560 consternatique
805 2475 978 2554 Timores,
1111 2494 1148 2548 60

95 2581 294 2668 Seditioque
305 2601 442 2667 recens,
461 2581 632 2667 dubioque
649 2593 787 2647 auctore
803 2580 956 2649 Susurri.

93 2689 170 2774 ipsa
186 2687 268 2774 quid
284 2687 320 2751 in
336 2686 432 2753 caelo
449 2707 562 2752 rerum
579 2687 771 2775 pelagoque
789 2702 929 2777 geratur

94 2805 128 2860 et
144 2794 277 2868 tellure,
295 2792 400 2870 videt,
418 2804 592 2880 totumque
609 2793 748 2881 inquirit
763 2795 799 2860 in
815 2797 948 2862 orbem.

140 2900 285 2966 Fecerat
300 2900 387 2965 haec
403 2911 533 2975 notum,
553 2899 676 2966 Graias
694 2924 771 2967 cum
790 2903 894 2968 milite
911 2902 987 2968 forti

94 3009 282 3074 adventare
297 3019 407 3081 rates3
433 3028 544 3094 neque
561 3008 815 3095 inexspectatus
827 3010 865 3074 in
884 3010 988 3074 armis
1086 3007 1089 3011 ’
1111 3026 1144 3097 65

94 3114 201 3180 hostis
217 3113 325 3178 adest.
375 3112 561 3180 Prohibent
578 3117 702 3188 aditus,
722 3116 868 3202 litusque
884 3127 1020 3180 tuentur

92 3221 226 3296 Troes3
251 3231 284 3286 et
300 3219 472 3286 Hectorea
489 3222 620 3307 primus
637 3221 783 3285 fataliter
801 3223 911 3295 hasta,

93 3327 294 3402 Protesilai,
312 3326 419 3405 cedia,
439 3327 690 3413 commissaque
708 3328 838 3412 proelia
856 3349 985 3415 magno

92 3444 183 3501 stant
199 3434 345 3511 Danais,
363 3434 525 3520 fortisque
544 3433 679 3497 animae
696 3454 781 3497 nece
799 3434 957 3521 cognitus
976 3433 1117 3499 Hector.

91 3562 158 3606 nec
174 3539 334 3630 Phryges
351 3541 492 3627 exiguo,
511 3539 591 3626 quid
609 3537 766 3604 Achaica
784 3541 924 3604 dextera
942 3551 1068 3624 posset,
1109 3571 1144 3623 70

90 3647 263 3736 sanguine
280 3656 472 3713 senserunt.
521 3645 565 3709 Et
576 3645 649 3732 jam
666 3644 774 3732 Sigea
790 3646 959 3710 rubebant

89 3754 212 3829 litora3
233 3753 307 3842 jam
323 3752 390 3817 leto
406 3752 520 3838 proles
536 3750 724 3835 Neptunia,
743 3750 890 3838 Cygnus

88 3860 188 3927 mille
203 3859 295 3926 viros
311 3858 453 3924 dederat
462 3881 472 3933 3
490 3857 565 3946 jam
584 3877 687 3924 curru
702 3857 855 3957 instabat
871 3856 1050 3934 Aelirlles,

601 3993 619 4047 8
