2490 4208
91 190 130 245 X.
149 187 223 261 162]
379 172 450 239 Tae
472 173 577 261 Rape
600 174 647 257 of
666 171 875 258 Ganymede.
1084 187 1145 234 101
1190 271 1192 277 Ι

92 390 160 435 nec
174 369 267 434 tiliae
286 370 419 446 molles,
438 391 503 435 nec
520 370 621 457 fagus
638 379 671 434 et
687 368 816 432 innuba
834 368 965 443 laurus,

92 497 159 541 nec
175 476 284 564 coryli
300 476 454 562 fragiles,
473 486 506 540 et
521 476 677 540 fraxinus
691 474 782 539 utilis
800 473 919 550 hastis,

92 584 281 669 enodisque
299 583 407 659 abies,
425 594 634 670 curvataque
651 580 836 669 glandibus
852 579 935 656 ilex,

93 701 126 756 et
142 691 302 776 platanus
320 689 480 778 genialis,
500 710 647 776 acerque
665 687 835 754 coloribus
853 687 977 771 impar,
1113 716 1147 774 95

94 797 355 884 amnicolaeque
372 796 473 862 simul
491 796 614 862 salices
631 782 664 861 et
680 794 838 881 aquatica
857 794 955 868 lotos,

94 916 327 991 perpetuoque
343 905 456 970 virens
473 904 618 978 buxum,
637 913 825 987 tenuesque
843 887 1008 988 myricae,

94 1023 127 1078 et
142 1011 274 1077 bicolor
290 1023 433 1098 myrtus,
451 1021 485 1076 et
500 1009 596 1075 bacis
614 1007 753 1073 caerula
770 1007 873 1071 tinus.

94 1140 154 1185 vos
171 1140 320 1206 quoque,
337 1117 526 1202 flexipedes
543 1116 705 1190 hederae,
724 1113 876 1189 venistis
896 1125 929 1179 et
943 1119 1014 1178 una

95 1225 300 1310 pampineae
316 1225 402 1289 vites
418 1234 451 1289 et
468 1223 613 1287 amictae
631 1221 753 1286 vitibus
770 1221 875 1294 ulmi3
1017 1270 1021 1275 .
1098 1250 1148 1290 100

95 1332 238 1418 ornique
255 1342 287 1396 et
303 1331 431 1416 piceae,
439 1351 610 1418 pomoque
626 1339 768 1394 onerata
785 1326 919 1392 rubenti

96 1439 247 1516 arbutuS,
264 1450 298 1503 et
313 1438 425 1503 lentae
446 1436 602 1526 (victoris
619 1434 791 1521 praemia)
812 1435 963 1520 palmae,
1010 1459 1012 1463 ¹

95 1557 127 1611 et
143 1545 317 1610 succincta
334 1566 451 1610 comas
468 1544 666 1630 hirsutaque
683 1541 808 1608 vertice
825 1542 939 1628 pinus,

94 1663 194 1740 grata
210 1652 313 1716 deum
330 1650 449 1715 matrix
474 1650 643 1735 siquidem
660 1648 848 1735 Cybeleius
866 1648 956 1713 Attis

95 1759 189 1823 exuit
205 1760 272 1823 hac
288 1758 474 1833 hominem,
493 1771 680 1843 truncoque
698 1755 848 1820 induruit
864 1756 935 1821 illo.
1099 1785 1146 1840 105

137 1864 228 1929 Tale
244 1886 364 1930 nemus
380 1876 475 1928 vates
493 1874 696 1937 attraxerat3
722 1863 827 1949 inque
844 1862 995 1927 ferarum

96 1971 241 2037 concilio
257 1971 389 2036 medius
406 1972 504 2036 turba
520 1971 768 2056 volucrumque
786 1970 941 2035 sedebat.
1044 1973 1046 1976 ’

94 2088 131 2142 ut
147 2077 229 2143 satis
245 2077 410 2162 impulsas
427 2077 604 2162 temptavit
619 2076 744 2162 pollice
761 2077 923 2153 chordas,
1097 2107 1146 2164 143

95 2195 127 2250 et
142 2184 248 2249 sensit
263 2185 388 2259 varios,
406 2183 564 2270 quamvis
581 2182 717 2249 diversa
734 2188 908 2258 sonarent,

95 2291 303 2357 concordare
320 2277 451 2365 modos,
471 2291 537 2355 hoc
553 2311 673 2354 vocem
692 2291 845 2354 carmine
862 2290 988 2356 movit:

140 2395 220 2462 ‘Ab
232 2397 331 2483 Jove,
345 2396 449 2462 Musa
466 2418 591 2482 parens
612 2396 757 2483 (cedunt
768 2397 865 2482 Jovis
882 2398 998 2463 omnia
1014 2379 1153 2485 regnol

94 2504 247 2568 carmina
263 2514 377 2568 nostra
394 2526 514 2569 move:
535 2504 632 2589 Jovis
649 2515 700 2569 est
717 2504 800 2576 mihi
818 2526 921 2589 saepe
939 2517 1089 2589 potestas

94 2612 184 2676 dicta
200 2610 307 2696 prius.
356 2609 476 2676 Cecini
494 2611 624 2697 plectro
641 2611 800 2697 graviore
818 2610 1003 2698 Gigantas,
1097 2641 1146 2697 150

94 2737 281 2804 sparsaque
298 2716 501 2804 Phlegraeis
518 2717 670 2782 victricia
687 2718 832 2782 fulmina
850 2719 1004 2802 campis3

94 2845 186 2889 nunc
201 2845 288 2910 opus
304 2834 355 2889 est
370 2824 497 2888 leviore
514 2824 603 2910 lyra,
622 2846 813 2911 puerosque
830 2845 996 2890 canamus

94 2931 235 2996 dilectos
251 2930 397 3015 superis,
415 2931 694 3017 inconcessisque
712 2932 846 3016 puellas

94 3039 232 3126 ignibus
249 3036 406 3102 attonitas
423 3039 588 3103 meruisse
605 3037 745 3102 libidine
763 3060 923 3124 poenam.

139 3145 247 3210 ‘Rex
262 3165 423 3228 superum
441 3142 587 3232 Phrygii
603 3146 777 3230 quondam
796 3144 1012 3232 Ganymedis
1030 3167 1145 3213 amore

95 3251 188 3328 arsit,
206 3261 240 3316 et
255 3250 429 3314 inventum
445 3263 495 3316 est
511 3252 652 3337 aliquid,
672 3252 763 3337 quod
775 3251 933 3337 Juppiter
950 3275 1038 3328 esse,

93 3379 197 3444 quam
214 3357 306 3444 quod
323 3369 406 3433 erat,
427 3359 554 3422 mallet.
603 3357 710 3423 Nulla
727 3370 842 3423 tamen
860 3360 938 3423 alite
956 3360 1039 3424 verti

94 3465 269 3552 dignatur,
286 3463 351 3530 nisi
367 3486 457 3551 quae
474 3478 589 3551 posset
604 3487 665 3530 sua
683 3466 827 3529 fulmina
844 3465 944 3530 ferre.

93 3592 157 3635 nec
174 3585 292 3635 mora:
317 3593 480 3658 percusso
498 3573 723 3637 mendacibus
741 3577 820 3637 aire
838 3572 960 3657 pennis

93 3677 217 3762 abripit
233 3677 379 3754 Iliaden,
398 3678 455 3765 qui
473 3699 716 3764 huncquoque
733 3680 858 3764 pocula
876 3679 1007 3756 miscet,
1096 3695 1146 3750 160

92 3783 267 3873 invitaque
278 3784 357 3872 Jovi
373 3797 491 3850 nectar
502 3784 639 3870 Junone
656 3770 836 3850 ministrat.

138 3892 217 3959 ‘Te
225 3912 373 3981 quoque,
384 3889 771 3981 Amyclide,posuisset
779 3895 818 3964 iu
828 3893 1173 3964 aetherePhoehus,
