2490 4208
88 174 143 229 xl.
158 172 216 245 58.]
374 151 446 221 Tha
475 152 651 220 Thracian
675 151 866 218 Manadas.
1074 162 1136 234 105

87 350 198 418 noctis
215 372 314 416 avem
330 360 474 416 cernunt
484 372 494 426 ;
519 361 713 435 structoque
729 349 898 433 utrimque
915 347 1047 412 theatro
1105 377 1120 414 2
1124 374 1138 430 5

88 481 153 524 ceu
170 457 335 522 matutina
351 479 474 522 cervus
490 456 660 542 periturus
677 476 781 519 arena

87 564 219 651 praeda
235 584 360 629 canum
377 574 440 639 est,
458 574 640 648 vatemque
657 573 787 647 petunt,
807 571 839 625 et
855 560 976 626 fronde
991 557 1140 625 virentes

87 671 263 736 coniciunt
277 670 426 757 thyrsoS,
445 691 514 735 non
532 671 619 734 haec
635 668 671 732 in
687 688 832 732 munera
849 667 969 732 factos.

88 779 155 842 hae
172 777 308 864 glebas,
327 774 406 841 illae
423 775 573 860 direptos
590 775 712 839 arbore
729 795 857 848 ramos,
984 763 989 774 ⁸

87 906 170 970 pars
186 893 343 969 torquent
358 881 480 947 silices.
532 880 612 945 Neu
629 880 740 946 desint
755 880 823 944 tela
840 879 967 960 furori,
1107 910 1142 964 30

88 991 175 1056 forte
191 990 296 1054 boves
311 1010 430 1074 presso
447 988 653 1073 subigebant
668 1008 806 1052 vomere
822 999 969 1060 terram3

88 1117 154 1160 nec
170 1095 291 1181 procul
307 1094 401 1169 hinc,
420 1095 525 1159 multo
544 1094 689 1157 fructum
707 1092 831 1158 sudore
847 1105 1022 1177 parantes,

90 1203 176 1267 dura
192 1183 351 1268 lacertosi
367 1200 542 1266 fodiebant
558 1220 639 1264 arva
656 1198 779 1265 coloni.

90 1307 232 1395 agmine
248 1306 306 1393 qui
322 1307 396 1372 viso
412 1306 560 1392 fugiunt,
579 1306 759 1391 operisque
776 1304 972 1391 relinquunt

90 1435 187 1479 arma
203 1414 279 1488 sui3
303 1433 499 1498 vacuosque
513 1411 629 1499 jacent
645 1412 799 1496 dispersa
816 1433 878 1496 per
894 1433 997 1498 agros
1107 1441 1141 1496 35

91 1521 296 1606 sarculaque
312 1519 479 1606 rastrique
496 1539 622 1606 graves
638 1518 802 1605 longique
818 1519 966 1604 ligones.

91 1649 178 1713 quae
195 1639 377 1713 postquam
393 1647 538 1711 rapuere
555 1625 662 1701 serae,
682 1646 858 1711 cornuque
876 1625 1029 1690 minaces

93 1734 255 1799 divellere
271 1734 390 1808 boves,
409 1733 453 1798 ad
469 1731 557 1797 vatis
573 1731 643 1796 sata
659 1742 849 1806 recurrunt,

93 1841 355 1926 tendentemque
372 1859 494 1904 manus
511 1848 612 1924 atque
629 1838 688 1903 illo
704 1850 857 1922 tempore
873 1838 1022 1923 primum

95 1945 183 2012 irrita
200 1946 384 2022 dicentem,
401 1944 666 2031 necquicquam
684 1966 768 2010 voce
784 1955 991 2019 moventem,
1107 1975 1143 2028 40

97 2052 283 2141 sacrilegae
299 2052 490 2138 perimunt3
516 2072 645 2139 perque
661 2074 713 2127 οε,
732 2073 794 2137 pro
806 2050 984 2138 Juppiterl
1009 2051 1107 2128 illud,

97 2159 245 2226 auditum
261 2159 355 2224 saxis
371 2157 648 2246 intellectumque
665 2159 815 2224 serarum

95 2267 263 2341 sensibus,
280 2265 315 2330 in
331 2277 451 2332 ventos
467 2266 583 2331 anima
599 2267 761 2332 exhalata
777 2267 930 2334 recessit.

124 2348 189 2438 lTe
207 2384 359 2438 maestae
373 2372 543 2450 volucres,
564 2373 721 2460 Orpheu,
740 2386 773 2440 te
790 2377 888 2441 turba
905 2376 1069 2452 serarum,

87 2483 119 2547 te
135 2480 244 2570 rigidi
259 2481 386 2557 silicea,
404 2492 437 2546 te
455 2481 608 2546 carmina
624 2503 728 2568 saepe
745 2495 883 2549 secutae
1108 2514 1142 2570 45

80 2584 260 2658 fleverunt
276 2591 403 2666 silvae;
429 2591 547 2677 positis
562 2603 596 2656 te
612 2591 789 2657 frondibus
805 2593 906 2659 arbos

74 2698 189 2766 tonsa
206 2720 341 2764 comam
357 2698 444 2764 luxit
453 2699 478 2790 γ’
488 2698 639 2765 lacrimis
656 2721 791 2786 quoque
807 2700 950 2765 flumina
966 2700 1084 2766 dicunt

74 2793 279 2872 ¹‘ncrevisse
295 2806 379 2882 suis,
397 2806 623 2893 obstrusaque
640 2807 783 2872 carbasa
802 2808 896 2892 pullo

74 2913 215 2980 naides
231 2922 265 2978 et
279 2913 430 3000 dryades
446 2935 634 3001 passosque
651 2914 804 2980 habuere
820 2914 976 3000 capillos.

74 3019 249 3086 membra
261 3018 376 3107 jacent
392 3019 528 3086 diversa
544 3021 651 3086 locis:
678 3033 795 3108 caput,
814 3021 946 3100 Hebre,
963 3024 1144 3112 lyramque

74 3124 246 3210 excipis3
271 3136 317 3200 et,
335 3123 479 3190 miruml
505 3127 619 3193 medio
635 3129 717 3193 dum
734 3129 858 3194 labitur
874 3151 990 3208 amne,

74 3228 206 3299 flebile
223 3230 339 3296 nescio
355 3231 437 3317 quid
452 3232 603 3318 queritur
618 3235 707 3320 lyra,
725 3235 839 3301 flebile
855 3237 976 3323 lingua
1039 3309 1042 3316 ,

74 3348 284 3403 murmurat
299 3337 482 3413 exanimis,
501 3340 710 3423 respondent
725 3341 839 3407 flebile
856 3343 964 3428 ripae.

74 3439 233 3529 jamque
248 3464 343 3507 mare
359 3441 514 3509 invectae
529 3443 658 3510 flumen
676 3449 841 3532 populare
858 3450 1065 3536 relinquunt,

77 3563 123 3616 et
138 3547 415 3635 Methymnaeae
431 3550 604 3635 potiuntur
620 3551 716 3618 litore
733 3552 851 3618 Lesbi.
1113 3591 1145 3647 55

81 3653 150 3721 hic
167 3655 259 3721 ferus
276 3655 468 3741 expositum
486 3658 679 3744 peregrinis
695 3660 819 3746 anguis
836 3662 950 3728 arenis

85 3782 132 3827 os
147 3759 233 3847 petit
247 3772 280 3825 et
295 3782 432 3847 sparsos
449 3762 588 3827 stillanti
605 3785 681 3829 rore
698 3766 853 3849 capillos.

89 3866 234 3933 tandem
249 3865 410 3934 Phoebus
423 3868 530 3948 adest,
550 3892 756 3966 morsusque
773 3874 906 3948 inferre
921 3891 1117 3969 parantem
