<?xml version="1.0" encoding="UTF-8"?>
<!DOCTYPE html PUBLIC "-//W3C//DTD XHTML 1.0 Transitional//EN"
    "http://www.w3.org/TR/xhtml1/DTD/xhtml1-transitional.dtd">
<html xmlns="http://www.w3.org/1999/xhtml" xml:lang="en" lang="en">
 <head>
  <title>
</title>
<meta http-equiv="Content-Type" content="text/html;charset=utf-8" />
  <meta name='ocr-system' content='tesseract 3.04.00' />
  <meta name='ocr-capabilities' content='ocr_page ocr_carea ocr_par ocr_line ocrx_word'/>
</head>
<body>
  <div class='ocr_page' id='page_1' title='image "./publiovidiinaso00allegoog_0064.png"; bbox 0 0 2490 4208; ppageno 0'>
   <div class='ocr_carea' id='block_1_1' title="bbox 94 176 1149 268">
    <p class='ocr_par' dir='ltr' id='par_1_1' title="bbox 94 176 1149 268">
     <span class='ocr_line' id='line_1_1' title="bbox 94 176 1149 268; baseline -0.005 -21"><span class='ocrx_word' id='word_1_1' title='bbox 94 193 135 247; x_wconf 87' lang='lat'><strong>11.</strong></span> <span class='ocrx_word' id='word_1_2' title='bbox 152 192 214 264; x_wconf 81' lang='lat'><strong>40·]</strong></span> <span class='ocrx_word' id='word_1_3' title='bbox 428 176 559 243; x_wconf 84' lang='lat' dir='ltr'><strong>Palace</strong></span> <span class='ocrx_word' id='word_1_4' title='bbox 583 178 631 263; x_wconf 88' lang='lat' dir='ltr'><strong>os</strong></span> <span class='ocrx_word' id='word_1_5' title='bbox 643 177 699 243; x_wconf 76' lang='lat' dir='ltr'><strong>the</strong></span> <span class='ocrx_word' id='word_1_6' title='bbox 723 176 811 244; x_wconf 87' lang='lat' dir='ltr'><strong>Sun.</strong></span> <span class='ocrx_word' id='word_1_7' title='bbox 1106 196 1149 268; x_wconf 91' lang='lat'><strong>19</strong></span> 
     </span>
    </p>
   </div>
   <div class='ocr_carea' id='block_1_2' title="bbox 27 372 1150 3996">
    <p class='ocr_par' dir='ltr' id='par_1_2' title="bbox 27 372 1150 3996">
     <span class='ocr_line' id='line_1_2' title="bbox 47 372 1097 462; baseline 0 -24"><span class='ocrx_word' id='word_1_8' title='bbox 47 372 49 379; x_wconf 55' lang='lat'><strong>⁴</strong></span> <span class='ocrx_word' id='word_1_9' title='bbox 92 384 327 462; x_wconf 85' lang='lat' dir='ltr'><strong>terrarumque</strong></span> <span class='ocrx_word' id='word_1_10' title='bbox 344 375 475 451; x_wconf 89' lang='lat' dir='ltr'><strong>orbem,</strong></span> <span class='ocrx_word' id='word_1_11' title='bbox 495 375 711 461; x_wconf 84' lang='lat' dir='ltr'><strong>caelumque,</strong></span> <span class='ocrx_word' id='word_1_12' title='bbox 730 376 823 462; x_wconf 92' lang='lat' dir='ltr'><strong>quod</strong></span> <span class='ocrx_word' id='word_1_13' title='bbox 840 374 996 440; x_wconf 85' lang='lat' dir='ltr'><strong>imminet</strong></span> <span class='ocrx_word' id='word_1_14' title='bbox 1012 374 1097 441; x_wconf 89' lang='lat' dir='ltr'><strong>orbi.</strong></span> 
     </span>
     <span class='ocr_line' id='line_1_3' title="bbox 94 469 1102 573; baseline 0 -27"><span class='ocrx_word' id='word_1_15' title='bbox 94 483 271 547; x_wconf 87' lang='lat' dir='ltr'><strong>caeruleos</strong></span> <span class='ocrx_word' id='word_1_16' title='bbox 287 482 391 566; x_wconf 86' lang='lat' dir='ltr'><strong>habet</strong></span> <span class='ocrx_word' id='word_1_17' title='bbox 406 483 499 547; x_wconf 87' lang='lat' dir='ltr'><strong>unda</strong></span> <span class='ocrx_word' id='word_1_18' title='bbox 516 483 612 558; x_wconf 92' lang='lat' dir='ltr'><strong>deos,</strong></span> <span class='ocrx_word' id='word_1_19' title='bbox 629 482 775 548; x_wconf 84' lang='lat' dir='ltr'>Tritona</span> <span class='ocrx_word' id='word_1_20' title='bbox 792 488 970 573; x_wconf 69' lang='lat' dir='ltr'><strong>canorum,</strong></span> <span class='ocrx_word' id='word_1_21' title='bbox 1000 469 1046 562; x_wconf 63' lang='lat' dir='ltr'><strong>‘l-</strong></span> <span class='ocrx_word' id='word_1_22' title='bbox 1064 479 1102 525; x_wconf 77' lang='lat'><strong>³⁰</strong></span> 
     </span>
     <span class='ocr_line' id='line_1_4' title="bbox 93 583 1105 677; baseline 0.001 -24"><span class='ocrx_word' id='word_1_23' title='bbox 93 583 285 675; x_wconf 81' lang='lat' dir='ltr'><strong>Proteaque</strong></span> <span class='ocrx_word' id='word_1_24' title='bbox 302 589 518 677; x_wconf 82' lang='lat' dir='ltr'><strong>ambiguum,</strong></span> <span class='ocrx_word' id='word_1_25' title='bbox 536 591 830 676; x_wconf 85' lang='lat' dir='ltr'><strong>balaenarumque</strong></span> <span class='ocrx_word' id='word_1_26' title='bbox 848 599 1059 674; x_wconf 87' lang='lat' dir='ltr'><strong>prementem</strong></span> <span class='ocrx_word' id='word_1_27' title='bbox 1104 661 1105 664; x_wconf 8' lang='grc' dir='ltr'><strong>Ἴ</strong></span> 
     </span>
     <span class='ocr_line' id='line_1_5' title="bbox 73 694 1148 783; baseline -0.001 -23"><span class='ocrx_word' id='word_1_28' title='bbox 73 694 288 783; x_wconf 55' lang='lat' dir='ltr'><strong>*Aegaeona</strong></span> <span class='ocrx_word' id='word_1_29' title='bbox 301 697 372 761; x_wconf 90' lang='lat' dir='ltr'><strong>suis</strong></span> <span class='ocrx_word' id='word_1_30' title='bbox 389 696 552 760; x_wconf 87' lang='lat' dir='ltr'><strong>immania</strong></span> <span class='ocrx_word' id='word_1_31' title='bbox 569 708 667 783; x_wconf 81' lang='lat' dir='ltr'><strong>terga</strong></span> <span class='ocrx_word' id='word_1_32' title='bbox 685 697 831 771; x_wconf 76' lang='lat' dir='ltr'><strong>lacertiS,</strong></span> <span class='ocrx_word' id='word_1_33' title='bbox 1115 728 1148 769; x_wconf 74' lang='lat' dir='ltr'><em>u</em></span> 
     </span>
     <span class='ocr_line' id='line_1_6' title="bbox 94 802 1008 890; baseline 0.001 -23"><span class='ocrx_word' id='word_1_34' title='bbox 94 802 293 890; x_wconf 86' lang='lat' dir='ltr'><strong>Doridaque</strong></span> <span class='ocrx_word' id='word_1_35' title='bbox 310 815 343 868; x_wconf 90' lang='lat' dir='ltr'><strong>et</strong></span> <span class='ocrx_word' id='word_1_36' title='bbox 359 815 477 879; x_wconf 85' lang='lat' dir='ltr'><strong>natas3</strong></span> <span class='ocrx_word' id='word_1_37' title='bbox 503 825 648 890; x_wconf 89' lang='lat' dir='ltr'><strong>quarum</strong></span> <span class='ocrx_word' id='word_1_38' title='bbox 666 824 746 888; x_wconf 89' lang='lat' dir='ltr'><strong>pars</strong></span> <span class='ocrx_word' id='word_1_39' title='bbox 763 824 848 867; x_wconf 87' lang='lat' dir='ltr'><strong>nare</strong></span> <span class='ocrx_word' id='word_1_40' title='bbox 863 803 1008 880; x_wconf 89' lang='lat' dir='ltr'><strong>videtur,</strong></span> 
     </span>
     <span class='ocr_line' id='line_1_7' title="bbox 94 908 937 995; baseline 0.002 -22"><span class='ocrx_word' id='word_1_41' title='bbox 94 932 173 995; x_wconf 89' lang='lat' dir='ltr'><strong>pars</strong></span> <span class='ocrx_word' id='word_1_42' title='bbox 190 911 224 973; x_wconf 91' lang='lat' dir='ltr'><strong>in</strong></span> <span class='ocrx_word' id='word_1_43' title='bbox 243 911 332 975; x_wconf 90' lang='lat' dir='ltr'><strong>mole</strong></span> <span class='ocrx_word' id='word_1_44' title='bbox 349 910 473 974; x_wconf 85' lang='lat' dir='ltr'><strong>sedens</strong></span> <span class='ocrx_word' id='word_1_45' title='bbox 489 910 616 974; x_wconf 88' lang='lat' dir='ltr'><strong>virides</strong></span> <span class='ocrx_word' id='word_1_46' title='bbox 633 908 763 973; x_wconf 87' lang='lat' dir='ltr'><strong>siccare</strong></span> <span class='ocrx_word' id='word_1_47' title='bbox 782 909 937 995; x_wconf 89' lang='lat' dir='ltr'><strong>capillos,</strong></span> 
     </span>
     <span class='ocr_line' id='line_1_8' title="bbox 94 1015 985 1102; baseline 0.003 -23"><span class='ocrx_word' id='word_1_48' title='bbox 94 1017 187 1101; x_wconf 89' lang='lat' dir='ltr'><strong>pisce</strong></span> <span class='ocrx_word' id='word_1_49' title='bbox 204 1016 283 1080; x_wconf 89' lang='lat' dir='ltr'><strong>vehi</strong></span> <span class='ocrx_word' id='word_1_50' title='bbox 300 1016 491 1102; x_wconf 85' lang='lat' dir='ltr'><strong>quaedam:</strong></span> <span class='ocrx_word' id='word_1_51' title='bbox 517 1015 624 1080; x_wconf 85' lang='lat' dir='ltr'><strong>facies</strong></span> <span class='ocrx_word' id='word_1_52' title='bbox 642 1037 711 1079; x_wconf 91' lang='lat' dir='ltr'><strong>non</strong></span> <span class='ocrx_word' id='word_1_53' title='bbox 728 1016 887 1082; x_wconf 91' lang='lat' dir='ltr'><strong>omnibus</strong></span> <span class='ocrx_word' id='word_1_54' title='bbox 902 1038 985 1093; x_wconf 87' lang='lat' dir='ltr'><strong>una,</strong></span> 
     </span>
     <span class='ocr_line' id='line_1_9' title="bbox 94 1122 1001 1218; baseline 0.002 -31"><span class='ocrx_word' id='word_1_55' title='bbox 94 1144 157 1187; x_wconf 88' lang='lat' dir='ltr'><strong>nec</strong></span> <span class='ocrx_word' id='word_1_56' title='bbox 174 1123 310 1187; x_wconf 87' lang='lat' dir='ltr'><strong>diversa</strong></span> <span class='ocrx_word' id='word_1_57' title='bbox 325 1133 454 1198; x_wconf 86' lang='lat' dir='ltr'><strong>tamen,</strong></span> <span class='ocrx_word' id='word_1_58' title='bbox 473 1123 611 1209; x_wconf 90' lang='lat' dir='ltr'><strong>qualem</strong></span> <span class='ocrx_word' id='word_1_59' title='bbox 628 1122 726 1188; x_wconf 89' lang='lat' dir='ltr'><strong>decet</strong></span> <span class='ocrx_word' id='word_1_60' title='bbox 743 1145 818 1188; x_wconf 91' lang='lat' dir='ltr'><strong>esse</strong></span> <span class='ocrx_word' id='word_1_61' title='bbox 835 1146 1001 1218; x_wconf 73' lang='lat' dir='ltr'><strong>sororum.</strong></span> 
     </span>
     <span class='ocr_line' id='line_1_10' title="bbox 93 1229 1145 1319; baseline 0.003 -25"><span class='ocrx_word' id='word_1_62' title='bbox 93 1241 182 1294; x_wconf 86' lang='lat' dir='ltr'><strong>terra</strong></span> <span class='ocrx_word' id='word_1_63' title='bbox 199 1230 290 1295; x_wconf 89' lang='lat' dir='ltr'><strong>viros</strong></span> <span class='ocrx_word' id='word_1_64' title='bbox 307 1230 477 1316; x_wconf 85' lang='lat' dir='ltr'><strong>urbesque</strong></span> <span class='ocrx_word' id='word_1_65' title='bbox 494 1229 595 1316; x_wconf 87' lang='lat' dir='ltr'><strong>gerit,</strong></span> <span class='ocrx_word' id='word_1_66' title='bbox 614 1229 785 1318; x_wconf 89' lang='lat' dir='ltr'><strong>silvasque</strong></span> <span class='ocrx_word' id='word_1_67' title='bbox 802 1231 973 1319; x_wconf 88' lang='lat' dir='ltr'><strong>serasque,</strong></span> <span class='ocrx_word' id='word_1_68' title='bbox 1114 1261 1145 1318; x_wconf 67' lang='grc' dir='ltr'><strong>ις</strong></span> 
     </span>
     <span class='ocr_line' id='line_1_11' title="bbox 93 1336 1104 1422; baseline 0.003 -22"><span class='ocrx_word' id='word_1_69' title='bbox 93 1336 304 1422; x_wconf 86' lang='lat' dir='ltr'><strong>fluminaque</strong></span> <span class='ocrx_word' id='word_1_70' title='bbox 321 1347 354 1400; x_wconf 89' lang='lat' dir='ltr'><strong>et</strong></span> <span class='ocrx_word' id='word_1_71' title='bbox 369 1337 542 1422; x_wconf 86' lang='lat' dir='ltr'><strong>nymphas</strong></span> <span class='ocrx_word' id='word_1_72' title='bbox 559 1347 592 1400; x_wconf 89' lang='lat' dir='ltr'><strong>et</strong></span> <span class='ocrx_word' id='word_1_73' title='bbox 609 1347 721 1401; x_wconf 80' lang='lat' dir='ltr'><strong>cetera</strong></span> <span class='ocrx_word' id='word_1_74' title='bbox 738 1338 879 1403; x_wconf 85' lang='lat' dir='ltr'><strong>numina</strong></span> <span class='ocrx_word' id='word_1_75' title='bbox 896 1340 996 1403; x_wconf 88' lang='lat' dir='ltr'><strong>ruris.</strong></span> <span class='ocrx_word' id='word_1_76' title='bbox 1100 1389 1104 1395; x_wconf 86' lang='lat'><em>.</em></span> 
     </span>
     <span class='ocr_line' id='line_1_12' title="bbox 27 1442 974 1532; baseline 0.002 -24"><span class='ocrx_word' id='word_1_77' title='bbox 27 1466 32 1475; x_wconf 89' lang='lat'><strong>·</strong></span> <span class='ocrx_word' id='word_1_78' title='bbox 94 1445 182 1508; x_wconf 90' lang='lat' dir='ltr'><strong>haec</strong></span> <span class='ocrx_word' id='word_1_79' title='bbox 198 1442 476 1528; x_wconf 87' lang='lat' dir='ltr'><strong>superimposita</strong></span> <span class='ocrx_word' id='word_1_80' title='bbox 493 1452 544 1507; x_wconf 92' lang='lat' dir='ltr'><strong>est</strong></span> <span class='ocrx_word' id='word_1_81' title='bbox 560 1444 647 1512; x_wconf 88' lang='lat' dir='ltr'><strong>caeli</strong></span> <span class='ocrx_word' id='word_1_82' title='bbox 665 1444 827 1532; x_wconf 80' lang='lat' dir='ltr'><strong>fulgentis</strong></span> <span class='ocrx_word' id='word_1_83' title='bbox 844 1446 974 1532; x_wconf 87' lang='lat' dir='ltr'><strong>imago,</strong></span> 
     </span>
     <span class='ocr_line' id='line_1_13' title="bbox 93 1549 1042 1639; baseline 0.003 -24"><span class='ocrx_word' id='word_1_84' title='bbox 93 1551 263 1638; x_wconf 83' lang='lat' dir='ltr'><strong>signaque</strong></span> <span class='ocrx_word' id='word_1_85' title='bbox 280 1572 342 1615; x_wconf 87' lang='lat' dir='ltr'><strong>sex</strong></span> <span class='ocrx_word' id='word_1_86' title='bbox 359 1551 486 1614; x_wconf 89' lang='lat' dir='ltr'><strong>soribus</strong></span> <span class='ocrx_word' id='word_1_87' title='bbox 504 1549 644 1626; x_wconf 84' lang='lat' dir='ltr'><strong>dextris,</strong></span> <span class='ocrx_word' id='word_1_88' title='bbox 662 1551 870 1639; x_wconf 84' lang='lat' dir='ltr'><strong>totidemque</strong></span> <span class='ocrx_word' id='word_1_89' title='bbox 887 1552 1042 1618; x_wconf 85' lang='lat' dir='ltr'><strong>sinistris.</strong></span> 
     </span>
     <span class='ocr_line' id='line_1_14' title="bbox 117 1656 965 1746; baseline 0.006 -25"><span class='ocrx_word' id='word_1_90' title='bbox 117 1684 120 1688; x_wconf 95' lang='lat'>·</span> <span class='ocrx_word' id='word_1_91' title='bbox 139 1657 221 1743; x_wconf 80' lang='lat' dir='ltr'><strong>Qo</strong></span> <span class='ocrx_word' id='word_1_92' title='bbox 239 1657 340 1722; x_wconf 90' lang='lat' dir='ltr'><strong>simul</strong></span> <span class='ocrx_word' id='word_1_93' title='bbox 357 1656 490 1729; x_wconf 84' lang='lat' dir='ltr'><strong>acclivo</strong></span> <span class='ocrx_word' id='word_1_94' title='bbox 505 1656 711 1744; x_wconf 88' lang='lat' dir='ltr'><strong>Clymeneia</strong></span> <span class='ocrx_word' id='word_1_95' title='bbox 728 1660 834 1725; x_wconf 86' lang='lat' dir='ltr'><strong>limite</strong></span> <span class='ocrx_word' id='word_1_96' title='bbox 851 1662 965 1746; x_wconf 91' lang='lat' dir='ltr'><strong>proles</strong></span> 
     </span>
     <span class='ocr_line' id='line_1_15' title="bbox 92 1756 1147 1851; baseline 0.007 -21"><span class='ocrx_word' id='word_1_97' title='bbox 92 1766 198 1841; x_wconf 87' lang='lat' dir='ltr'><strong>venit,</strong></span> <span class='ocrx_word' id='word_1_98' title='bbox 219 1774 251 1829; x_wconf 90' lang='lat' dir='ltr'><strong>et</strong></span> <span class='ocrx_word' id='word_1_99' title='bbox 267 1763 403 1828; x_wconf 87' lang='lat' dir='ltr'><strong>intravit</strong></span> <span class='ocrx_word' id='word_1_100' title='bbox 417 1756 559 1844; x_wconf 69' lang='lat' dir='ltr'><strong>dubitati</strong></span> <span class='ocrx_word' id='word_1_101' title='bbox 575 1776 664 1830; x_wconf 88' lang='lat' dir='ltr'><strong>tecta</strong></span> <span class='ocrx_word' id='word_1_102' title='bbox 682 1767 846 1851; x_wconf 87' lang='lat' dir='ltr'><strong>parentis,</strong></span> <span class='ocrx_word' id='word_1_103' title='bbox 1112 1797 1147 1848; x_wconf 72' lang='lat'><strong>20</strong></span> 
     </span>
     <span class='ocr_line' id='line_1_16' title="bbox 93 1857 919 1965; baseline 0.006 -30"><span class='ocrx_word' id='word_1_104' title='bbox 93 1873 248 1958; x_wconf 91' lang='lat' dir='ltr'><strong>protinus</strong></span> <span class='ocrx_word' id='word_1_105' title='bbox 265 1857 309 1935; x_wconf 84' lang='lat' dir='ltr'><strong>ad</strong></span> <span class='ocrx_word' id='word_1_106' title='bbox 326 1871 452 1957; x_wconf 88' lang='lat' dir='ltr'><strong>patrios</strong></span> <span class='ocrx_word' id='word_1_107' title='bbox 466 1892 532 1965; x_wconf 35' lang='lat' dir='ltr'><strong>nsua</strong></span> <span class='ocrx_word' id='word_1_108' title='bbox 548 1871 612 1936; x_wconf 90' lang='lat' dir='ltr'><strong>sert</strong></span> <span class='ocrx_word' id='word_1_109' title='bbox 627 1873 775 1962; x_wconf 80' lang='lat' dir='ltr'><strong>vestigia</strong></span> <span class='ocrx_word' id='word_1_110' title='bbox 792 1875 919 1965; x_wconf 68' lang='lat' dir='ltr'><strong>vultus,</strong></span> 
     </span>
     <span class='ocr_line' id='line_1_17' title="bbox 94 1968 1124 2071; baseline 0.004 -28"><span class='ocrx_word' id='word_1_111' title='bbox 94 1978 313 2064; x_wconf 88' lang='lat' dir='ltr'><strong>consistitque</strong></span> <span class='ocrx_word' id='word_1_112' title='bbox 332 1968 474 2071; x_wconf 62' lang='lat' dir='ltr'><strong>proculi</strong></span> <span class='ocrx_word' id='word_1_113' title='bbox 496 1981 716 2066; x_wconf 91' lang='lat' dir='ltr'><strong>nequeenim</strong></span> <span class='ocrx_word' id='word_1_114' title='bbox 733 1980 894 2066; x_wconf 91' lang='lat' dir='ltr'><strong>propiora</strong></span> <span class='ocrx_word' id='word_1_115' title='bbox 910 1980 1041 2046; x_wconf 88' lang='lat' dir='ltr'><strong>serebat</strong></span> <span class='ocrx_word' id='word_1_116' title='bbox 1084 1998 1124 2057; x_wconf 66' lang='lat' dir='ltr'><strong>-f-</strong></span> 
     </span>
     <span class='ocr_line' id='line_1_18' title="bbox 93 2082 885 2170; baseline 0.003 -20"><span class='ocrx_word' id='word_1_117' title='bbox 93 2085 238 2151; x_wconf 88' lang='lat' dir='ltr'><strong>lumina.</strong></span> <span class='ocrx_word' id='word_1_118' title='bbox 287 2082 465 2170; x_wconf 88' lang='lat' dir='ltr'><strong>Purpurea</strong></span> <span class='ocrx_word' id='word_1_119' title='bbox 481 2086 613 2152; x_wconf 90' lang='lat' dir='ltr'><strong>velatus</strong></span> <span class='ocrx_word' id='word_1_120' title='bbox 630 2099 724 2152; x_wconf 87' lang='lat' dir='ltr'><strong>veste</strong></span> <span class='ocrx_word' id='word_1_121' title='bbox 742 2088 885 2153; x_wconf 90' lang='lat' dir='ltr'><strong>sedebat</strong></span> 
     </span>
     <span class='ocr_line' id='line_1_19' title="bbox 92 2164 904 2281; baseline 0.002 -25"><span class='ocrx_word' id='word_1_122' title='bbox 92 2191 130 2256; x_wconf 93' lang='lat' dir='ltr'><strong>in</strong></span> <span class='ocrx_word' id='word_1_123' title='bbox 146 2192 231 2256; x_wconf 92' lang='lat' dir='ltr'><strong>solio</strong></span> <span class='ocrx_word' id='word_1_124' title='bbox 247 2189 409 2256; x_wconf 88' lang='lat' dir='ltr'><strong>Phoebus</strong></span> <span class='ocrx_word' id='word_1_125' title='bbox 427 2192 527 2258; x_wconf 91' lang='lat' dir='ltr'><strong>claris</strong></span> <span class='ocrx_word' id='word_1_126' title='bbox 544 2164 904 2281; x_wconf 66' lang='lat' dir='ltr'><strong>lucentetbmaragdis.</strong></span> 
     </span>
     <span class='ocr_line' id='line_1_20' title="bbox 93 2300 1147 2390; baseline 0.002 -26"><span class='ocrx_word' id='word_1_127' title='bbox 93 2320 115 2364; x_wconf 89' lang='lat' dir='ltr'><strong>a</strong></span> <span class='ocrx_word' id='word_1_128' title='bbox 131 2300 252 2364; x_wconf 84' lang='lat' dir='ltr'><strong>dextra</strong></span> <span class='ocrx_word' id='word_1_129' title='bbox 268 2300 435 2387; x_wconf 87' lang='lat' dir='ltr'><strong>laevaque</strong></span> <span class='ocrx_word' id='word_1_130' title='bbox 453 2301 537 2366; x_wconf 88' lang='lat' dir='ltr'><strong>Dies</strong></span> <span class='ocrx_word' id='word_1_131' title='bbox 554 2313 587 2366; x_wconf 90' lang='lat' dir='ltr'><strong>et</strong></span> <span class='ocrx_word' id='word_1_132' title='bbox 602 2301 735 2366; x_wconf 90' lang='lat' dir='ltr'><strong>Mensis</strong></span> <span class='ocrx_word' id='word_1_133' title='bbox 753 2313 786 2366; x_wconf 88' lang='lat' dir='ltr'><strong>et</strong></span> <span class='ocrx_word' id='word_1_134' title='bbox 801 2300 926 2366; x_wconf 91' lang='lat' dir='ltr'><strong>Annus</strong></span> <span class='ocrx_word' id='word_1_135' title='bbox 1113 2330 1147 2390; x_wconf 80' lang='lat'><strong>23</strong></span> 
     </span>
     <span class='ocr_line' id='line_1_21' title="bbox 93 2406 1010 2494; baseline 0 -21"><span class='ocrx_word' id='word_1_136' title='bbox 93 2406 313 2494; x_wconf 88' lang='lat' dir='ltr'><strong>Saeculaque</strong></span> <span class='ocrx_word' id='word_1_137' title='bbox 330 2419 363 2472; x_wconf 84' lang='lat' dir='ltr'><strong>et</strong></span> <span class='ocrx_word' id='word_1_138' title='bbox 378 2408 507 2493; x_wconf 88' lang='lat' dir='ltr'><strong>positae</strong></span> <span class='ocrx_word' id='word_1_139' title='bbox 525 2408 641 2494; x_wconf 89' lang='lat' dir='ltr'><strong>spatiis</strong></span> <span class='ocrx_word' id='word_1_140' title='bbox 659 2409 861 2494; x_wconf 86' lang='lat' dir='ltr'><strong>aequalibus</strong></span> <span class='ocrx_word' id='word_1_141' title='bbox 880 2407 1010 2485; x_wconf 89' lang='lat' dir='ltr'><strong>Horae,</strong></span> 
     </span>
     <span class='ocr_line' id='line_1_22' title="bbox 92 2515 992 2603; baseline -0.001 -22"><span class='ocrx_word' id='word_1_142' title='bbox 92 2515 233 2603; x_wconf 90' lang='lat' dir='ltr'><strong>Verque</strong></span> <span class='ocrx_word' id='word_1_143' title='bbox 250 2536 377 2580; x_wconf 91' lang='lat' dir='ltr'><strong>novum</strong></span> <span class='ocrx_word' id='word_1_144' title='bbox 394 2516 504 2580; x_wconf 86' lang='lat' dir='ltr'><strong>stabat</strong></span> <span class='ocrx_word' id='word_1_145' title='bbox 520 2516 667 2580; x_wconf 89' lang='lat' dir='ltr'><strong>cinctum</strong></span> <span class='ocrx_word' id='word_1_146' title='bbox 685 2515 827 2581; x_wconf 79' lang='lat' dir='ltr'><strong>florente</strong></span> <span class='ocrx_word' id='word_1_147' title='bbox 845 2516 992 2592; x_wconf 57' lang='lat' dir='ltr'><strong>coroniu</strong></span> 
     </span>
     <span class='ocr_line' id='line_1_23' title="bbox 94 2618 924 2710; baseline -0.002 -20"><span class='ocrx_word' id='word_1_148' title='bbox 94 2626 205 2690; x_wconf 86' lang='lat' dir='ltr'><strong>stabat</strong></span> <span class='ocrx_word' id='word_1_149' title='bbox 221 2624 313 2690; x_wconf 89' lang='lat' dir='ltr'><strong>nuda</strong></span> <span class='ocrx_word' id='word_1_150' title='bbox 330 2622 455 2688; x_wconf 78' lang='lat' dir='ltr'><strong>Aestas</strong></span> <span class='ocrx_word' id='word_1_151' title='bbox 472 2618 637 2709; x_wconf 77' lang='lat' dir='ltr'><strong>etllspicea</strong></span> <span class='ocrx_word' id='word_1_152' title='bbox 654 2635 744 2688; x_wconf 89' lang='lat' dir='ltr'><strong>serta</strong></span> <span class='ocrx_word' id='word_1_153' title='bbox 761 2624 924 2710; x_wconf 82' lang='lat' dir='ltr'><strong>gerebat3</strong></span> 
     </span>
     <span class='ocr_line' id='line_1_24' title="bbox 93 2720 945 2805; baseline -0.002 -10"><span class='ocrx_word' id='word_1_154' title='bbox 93 2733 203 2803; x_wconf 82' lang='lat' dir='ltr'><strong>stabat</strong></span> <span class='ocrx_word' id='word_1_155' title='bbox 219 2741 252 2795; x_wconf 93' lang='lat' dir='ltr'><strong>et</strong></span> <span class='ocrx_word' id='word_1_156' title='bbox 267 2720 658 2805; x_wconf 61' lang='lat' dir='ltr'><strong>Auctumnus,ealcatis</strong></span> <span class='ocrx_word' id='word_1_157' title='bbox 675 2730 832 2794; x_wconf 89' lang='lat' dir='ltr'><strong>sordidus</strong></span> <span class='ocrx_word' id='word_1_158' title='bbox 848 2730 945 2805; x_wconf 83' lang='lat' dir='ltr'><strong>uvis3</strong></span> 
     </span>
     <span class='ocr_line' id='line_1_25' title="bbox 93 2829 1150 2931; baseline -0.007 -28"><span class='ocrx_word' id='word_1_159' title='bbox 93 2829 127 2903; x_wconf 83' lang='lat' dir='ltr'><strong>et</strong></span> <span class='ocrx_word' id='word_1_160' title='bbox 142 2838 306 2929; x_wconf 25' lang='lat' dir='ltr'><strong>glacialis,</strong></span> <span class='ocrx_word' id='word_1_161' title='bbox 320 2838 479 2924; x_wconf 89' lang='lat' dir='ltr'><strong>Hiemps,</strong></span> <span class='ocrx_word' id='word_1_162' title='bbox 499 2857 604 2915; x_wconf 68' lang='lat' dir='ltr'><strong>carros</strong></span> <span class='ocrx_word' id='word_1_163' title='bbox 623 2836 752 2900; x_wconf 89' lang='lat' dir='ltr'><strong>hirsuta</strong></span> <span class='ocrx_word' id='word_1_164' title='bbox 770 2835 927 2920; x_wconf 87' lang='lat' dir='ltr'><strong>capillos.</strong></span> <span class='ocrx_word' id='word_1_165' title='bbox 960 2861 987 2931; x_wconf 59' lang='lat' dir='ltr'><strong>r=</strong></span> <span class='ocrx_word' id='word_1_166' title='bbox 1005 2846 1025 2897; x_wconf 72' lang='lat' dir='ltr'><strong>t</strong></span> <span class='ocrx_word' id='word_1_167' title='bbox 1113 2868 1150 2923; x_wconf 67' lang='lat'><strong>3.</strong></span> 
     </span>
     <span class='ocr_line' id='line_1_26' title="bbox 138 2934 990 3035; baseline -0.002 -26"><span class='ocrx_word' id='word_1_168' title='bbox 138 2934 316 3010; x_wconf 62' lang='lat' dir='ltr'><strong>Inde&#39;loco</strong></span> <span class='ocrx_word' id='word_1_169' title='bbox 334 2946 480 3035; x_wconf 85' lang='lat' dir='ltr'><strong>medius,</strong></span> <span class='ocrx_word' id='word_1_170' title='bbox 500 2965 614 3008; x_wconf 90' lang='lat' dir='ltr'><strong>rerum</strong></span> <span class='ocrx_word' id='word_1_171' title='bbox 631 2943 779 3008; x_wconf 89' lang='lat' dir='ltr'><strong>novitate</strong></span> <span class='ocrx_word' id='word_1_172' title='bbox 796 2936 990 3027; x_wconf 74' lang='lat' dir='ltr'><strong>pauentem</strong></span> 
     </span>
     <span class='ocr_line' id='line_1_27' title="bbox 92 3041 1018 3141; baseline -0.002 -24"><span class='ocrx_word' id='word_1_173' title='bbox 92 3049 155 3117; x_wconf 92' lang='lat' dir='ltr'><strong>Sol</strong></span> <span class='ocrx_word' id='word_1_174' title='bbox 171 3052 281 3119; x_wconf 90' lang='lat' dir='ltr'><strong>oculis</strong></span> <span class='ocrx_word' id='word_1_175' title='bbox 293 3052 469 3141; x_wconf 84' lang='lat' dir='ltr'><strong>juvenem,</strong></span> <span class='ocrx_word' id='word_1_176' title='bbox 488 3051 612 3139; x_wconf 90' lang='lat' dir='ltr'><strong>quibus</strong></span> <span class='ocrx_word' id='word_1_177' title='bbox 630 3048 751 3134; x_wconf 88' lang='lat' dir='ltr'><strong>aspicit</strong></span> <span class='ocrx_word' id='word_1_178' title='bbox 767 3048 895 3126; x_wconf 65' lang='lat' dir='ltr'><strong>cunia,</strong></span> <span class='ocrx_word' id='word_1_179' title='bbox 913 3041 1018 3115; x_wconf 71' lang='lat' dir='ltr'><strong>vidi&#39;tz</strong></span> 
     </span>
     <span class='ocr_line' id='line_1_28' title="bbox 93 3144 1146 3247; baseline -0.002 -23"><span class='ocrx_word' id='word_1_180' title='bbox 93 3169 104 3199; x_wconf 85' lang='lat'><strong><em>⁴</em></strong></span> <span class='ocrx_word' id='word_1_181' title='bbox 119 3144 221 3245; x_wconf 80' lang='lat' dir='ltr'><strong>Qrae</strong></span> <span class='ocrx_word' id='word_1_182' title='bbox 231 3159 240 3187; x_wconf 94' lang='lat'>’</span> <span class='ocrx_word' id='word_1_183' title='bbox 250 3180 318 3247; x_wconf 91' lang='lat' dir='ltr'><strong>que</strong></span> <span class='ocrx_word' id='word_1_184' title='bbox 331 3169 340 3200; x_wconf 84' lang='lat'>‘</span> <span class='ocrx_word' id='word_1_185' title='bbox 352 3158 429 3223; x_wconf 94' lang='lat' dir='ltr'><strong>viae</strong></span> <span class='ocrx_word' id='word_1_186' title='bbox 439 3158 498 3223; x_wconf 92' lang='lat' dir='ltr'><strong>tibi</strong></span> <span class='ocrx_word' id='word_1_187' title='bbox 512 3156 640 3223; x_wconf 86' lang='lat' dir='ltr'><strong>causa?</strong></span> <span class='ocrx_word' id='word_1_188' title='bbox 652 3156 734 3242; x_wconf 67' lang='lat' dir='ltr'><strong>quid</strong></span> <span class='ocrx_word' id='word_1_189' title='bbox 746 3155 830 3220; x_wconf 88' lang='lat' dir='ltr'><strong>hac’</strong></span> <span class='ocrx_word' id='word_1_190' title='bbox 844 3155 891 3220; x_wconf 88' lang='lat' dir='ltr'><strong>ait</strong></span> <span class='ocrx_word' id='word_1_191' title='bbox 905 3166 914 3196; x_wconf 89' lang='lat'>‘</span> <span class='ocrx_word' id='word_1_192' title='bbox 928 3176 1007 3220; x_wconf 86' lang='lat' dir='ltr'><strong>arce</strong></span> <span class='ocrx_word' id='word_1_193' title='bbox 1020 3155 1146 3245; x_wconf 71' lang='lat' dir='ltr'><strong>petisti,</strong></span> 
     </span>
     <span class='ocr_line' id='line_1_29' title="bbox 92 3261 1001 3353; baseline -0.003 -23"><span class='ocrx_word' id='word_1_194' title='bbox 92 3266 290 3353; x_wconf 87' lang='lat' dir='ltr'><strong>progenies,</strong></span> <span class='ocrx_word' id='word_1_195' title='bbox 308 3265 501 3340; x_wconf 69' lang='lat' dir='ltr'><strong>Phaethon,</strong></span> <span class='ocrx_word' id='word_1_196' title='bbox 521 3265 613 3328; x_wconf 91' lang='lat' dir='ltr'><strong>haud</strong></span> <span class='ocrx_word' id='word_1_197' title='bbox 631 3263 809 3327; x_wconf 83' lang='lat' dir='ltr'><strong>infitianda</strong></span> <span class='ocrx_word' id='word_1_198' title='bbox 826 3261 1001 3347; x_wconf 44' lang='lat' dir='ltr'><strong>pare-nti?</strong></span> 
     </span>
     <span class='ocr_line' id='line_1_30' title="bbox 92 3369 1147 3456; baseline -0.007 -19"><span class='ocrx_word' id='word_1_199' title='bbox 92 3372 151 3438; x_wconf 90' lang='lat' dir='ltr'><strong>ille</strong></span> <span class='ocrx_word' id='word_1_200' title='bbox 168 3372 290 3437; x_wconf 86' lang='lat' dir='ltr'><strong>resert:</strong></span> <span class='ocrx_word' id='word_1_201' title='bbox 313 3372 370 3437; x_wconf 88' lang='lat' dir='ltr'><strong>‘O</strong></span> <span class='ocrx_word' id='word_1_202' title='bbox 385 3373 446 3436; x_wconf 88' lang='lat' dir='ltr'><strong>lux</strong></span> <span class='ocrx_word' id='word_1_203' title='bbox 462 3370 609 3436; x_wconf 89' lang='lat' dir='ltr'><strong>inmensi</strong></span> <span class='ocrx_word' id='word_1_204' title='bbox 627 3370 765 3456; x_wconf 87' lang='lat' dir='ltr'><strong>publica</strong></span> <span class='ocrx_word' id='word_1_205' title='bbox 782 3369 913 3445; x_wconf 91' lang='lat' dir='ltr'><strong>mundi,</strong></span> <span class='ocrx_word' id='word_1_206' title='bbox 1113 3397 1147 3455; x_wconf 80' lang='lat'><strong>33</strong></span> 
     </span>
     <span class='ocr_line' id='line_1_31' title="bbox 93 3476 1001 3567; baseline -0.007 -22"><span class='ocrx_word' id='word_1_207' title='bbox 93 3478 234 3545; x_wconf 90' lang='lat' dir='ltr'><strong>Phoebe</strong></span> <span class='ocrx_word' id='word_1_208' title='bbox 251 3489 359 3564; x_wconf 86' lang='lat' dir='ltr'><strong>pater,</strong></span> <span class='ocrx_word' id='word_1_209' title='bbox 378 3479 406 3543; x_wconf 86' lang='lat' dir='ltr'><strong>si</strong></span> <span class='ocrx_word' id='word_1_210' title='bbox 424 3479 486 3543; x_wconf 91' lang='lat' dir='ltr'><strong>das</strong></span> <span class='ocrx_word' id='word_1_211' title='bbox 503 3479 603 3567; x_wconf 88' lang='lat' dir='ltr'><strong>hujus</strong></span> <span class='ocrx_word' id='word_1_212' title='bbox 622 3476 704 3540; x_wconf 87' lang='lat' dir='ltr'><strong>mihi</strong></span> <span class='ocrx_word' id='word_1_213' title='bbox 722 3476 870 3541; x_wconf 91' lang='lat' dir='ltr'><strong>nominis</strong></span> <span class='ocrx_word' id='word_1_214' title='bbox 886 3498 1001 3552; x_wconf 87' lang='lat' dir='ltr'><strong>usum,</strong></span> 
     </span>
     <span class='ocr_line' id='line_1_32' title="bbox 55 3580 980 3671; baseline -0.009 -21"><span class='ocrx_word' id='word_1_215' title='bbox 55 3582 58 3588; x_wconf 73' lang='grc'>’</span> <span class='ocrx_word' id='word_1_216' title='bbox 93 3606 159 3649; x_wconf 91' lang='lat' dir='ltr'><strong>nec</strong></span> <span class='ocrx_word' id='word_1_217' title='bbox 175 3585 262 3650; x_wconf 86' lang='lat' dir='ltr'><strong>falsa</strong></span> <span class='ocrx_word' id='word_1_218' title='bbox 279 3582 449 3671; x_wconf 90' lang='lat' dir='ltr'><strong>Clymene</strong></span> <span class='ocrx_word' id='word_1_219' title='bbox 466 3583 602 3668; x_wconf 88' lang='lat' dir='ltr'><strong>culpam</strong></span> <span class='ocrx_word' id='word_1_220' title='bbox 622 3581 684 3646; x_wconf 91' lang='lat' dir='ltr'><strong>sub</strong></span> <span class='ocrx_word' id='word_1_221' title='bbox 701 3580 854 3666; x_wconf 81' lang='lat' dir='ltr'><strong>imagine</strong></span> <span class='ocrx_word' id='word_1_222' title='bbox 872 3580 980 3644; x_wconf 88' lang='lat' dir='ltr'><strong>celat:</strong></span> 
     </span>
     <span class='ocr_line' id='line_1_33' title="bbox 94 3687 1013 3781; baseline -0.005 -27"><span class='ocrx_word' id='word_1_223' title='bbox 94 3692 242 3780; x_wconf 82' lang='lat' dir='ltr'><strong>pignora</strong></span> <span class='ocrx_word' id='word_1_224' title='bbox 258 3691 315 3763; x_wconf 82' lang='lat' dir='ltr'><strong>da,</strong></span> <span class='ocrx_word' id='word_1_225' title='bbox 333 3690 479 3777; x_wconf 83' lang='lat' dir='ltr'><strong>genitor,</strong></span> <span class='ocrx_word' id='word_1_226' title='bbox 499 3710 560 3774; x_wconf 92' lang='lat' dir='ltr'><strong>per</strong></span> <span class='ocrx_word' id='word_1_227' title='bbox 575 3709 664 3781; x_wconf 74' lang='lat' dir='ltr'><strong>quae</strong></span> <span class='ocrx_word' id='word_1_228' title='bbox 681 3698 739 3750; x_wconf 89' lang='lat' dir='ltr'><strong>tua</strong></span> <span class='ocrx_word' id='word_1_229' title='bbox 755 3707 837 3750; x_wconf 86' lang='lat' dir='ltr'><strong>vera</strong></span> <span class='ocrx_word' id='word_1_230' title='bbox 854 3687 1013 3773; x_wconf 67' lang='lat' dir='ltr'><strong>propago</strong></span> 
     </span>
     <span class='ocr_line' id='line_1_34' title="bbox 39 3793 1016 3873; baseline -0.005 -10"><span class='ocrx_word' id='word_1_231' title='bbox 39 3852 43 3863; x_wconf 94' lang='lat'>.</span> <span class='ocrx_word' id='word_1_232' title='bbox 70 3796 230 3873; x_wconf 71' lang='lat' dir='ltr'><strong>llcsedar,</strong></span> <span class='ocrx_word' id='word_1_233' title='bbox 247 3807 282 3863; x_wconf 92' lang='lat' dir='ltr'><strong>et</strong></span> <span class='ocrx_word' id='word_1_234' title='bbox 297 3797 389 3860; x_wconf 88' lang='lat' dir='ltr'><strong>hunc</strong></span> <span class='ocrx_word' id='word_1_235' title='bbox 406 3796 528 3860; x_wconf 87' lang='lat' dir='ltr'><strong>animis</strong></span> <span class='ocrx_word' id='word_1_236' title='bbox 544 3815 694 3858; x_wconf 89' lang='lat' dir='ltr'><strong>errorem</strong></span> <span class='ocrx_word' id='word_1_237' title='bbox 711 3793 853 3858; x_wconf 88' lang='lat' dir='ltr'><strong>detrahe</strong></span> <span class='ocrx_word' id='word_1_238' title='bbox 869 3793 1016 3858; x_wconf 69' lang='lat' dir='ltr'><strong>nostris?</strong></span> 
     </span>
     <span class='ocr_line' id='line_1_35' title="bbox 88 3890 1145 3996; baseline -0.009 -25"><span class='ocrx_word' id='word_1_239' title='bbox 88 3948 94 3961; x_wconf 84' lang='lat'><strong>·</strong></span> <span class='ocrx_word' id='word_1_240' title='bbox 113 3890 124 3907; x_wconf 61' lang='lat'><strong><em>⁹</em></strong></span> <span class='ocrx_word' id='word_1_241' title='bbox 139 3904 292 3971; x_wconf 78' lang='lat' dir='ltr'><strong>Dixerat</strong></span> <span class='ocrx_word' id='word_1_242' title='bbox 302 3914 313 3989; x_wconf 70' lang='lat' dir='ltr'><strong><em>J</em></strong></span> <span class='ocrx_word' id='word_1_243' title='bbox 336 3901 388 3968; x_wconf 88' lang='lat' dir='ltr'><strong>At</strong></span> <span class='ocrx_word' id='word_1_244' title='bbox 399 3902 540 3993; x_wconf 80' lang='lat' dir='ltr'><strong>genitor</strong></span> <span class='ocrx_word' id='word_1_245' title='bbox 556 3902 691 3973; x_wconf 92' lang='lat' dir='ltr'><strong>circum</strong></span> <span class='ocrx_word' id='word_1_246' title='bbox 708 3914 821 3996; x_wconf 79' lang='lat' dir='ltr'><strong>caput</strong></span> <span class='ocrx_word' id='word_1_247' title='bbox 835 3923 946 3973; x_wconf 84' lang='lat' dir='ltr'><strong>omne</strong></span> <span class='ocrx_word' id='word_1_248' title='bbox 961 3900 1145 3966; x_wconf 69' lang='lat' dir='ltr'><strong>micantes</strong></span> 
     </span>
    </p>
   </div>
   <div class='ocr_carea' id='block_1_3' title="bbox 0 0 1250 4208">
    <p class='ocr_par' dir='ltr' id='par_1_3' title="bbox 0 0 1250 4208">
     <span class='ocr_line' id='line_1_36' title="bbox 0 0 1250 4208; baseline 0 0"><span class='ocrx_word' id='word_1_249' title='bbox 0 0 1250 4208; x_wconf 95' lang='lat' dir='ltr'><strong> </strong></span> 
     </span>
    </p>
   </div>
  </div>
 </body>
</html>
