2490 4208
105 198 149 266 32
344 201 398 246 111.
439 179 511 247 Tae
532 180 638 269 Rape
661 182 709 267 (ff
720 180 884 268 Europa.
1013 196 1158 270 [Moram

105 377 255 442 induitur
272 376 395 442 faciem
411 377 498 442 tauri
512 400 520 451 ;
544 378 737 464 mixtusque
750 377 907 466 juvencis
1106 394 1160 462 850

106 484 227 570 mugit,
246 494 279 547 et
294 483 328 546 in
346 484 471 548 teneris
488 483 656 548 formosus
673 484 871 548 obambulat
889 483 1014 549 herbis.

104 591 231 677 quippe
248 591 341 654 color
356 590 445 655 nivis
462 601 525 665 est,
544 612 647 676 quam
665 611 730 655 nec
746 590 891 676 vestigia
909 590 985 654 duri

105 699 282 762 calcavere
299 695 409 781 pedis,
429 718 493 760 nec
510 697 609 760 solvit
626 697 802 782 aquaticus
820 707 953 771 auster3

105 805 192 868 colla
209 803 289 883 toris
306 813 443 877 extant3
470 803 573 867 armis
591 802 742 888 palearia
759 803 929 887 pendent3

105 931 232 975 cornua
249 930 356 995 parva
372 909 525 996 quidem,
544 909 604 972 sed
622 930 711 995 quae
728 909 934 973 contendere
951 909 1062 994 possis
1104 928 1157 997 855

104 1016 194 1081 sacta
211 1037 328 1090 manu,
348 1037 500 1101 puraque
519 1015 631 1101 magis
648 1015 826 1100 perlucida
843 1036 995 1103 gemma.
1030 1038 1034 1044 ·

103 1124 218 1188 nullae
236 1123 269 1186 in
287 1123 394 1188 fronte
413 1124 539 1198 minae,
559 1143 624 1186 nec
640 1122 855 1187 formidabile
872 1123 1010 1188 lumen:

103 1251 225 1315 pacem
242 1231 354 1294 vultus
372 1230 486 1293 habet.
516 1208 683 1292 lMiratur
699 1227 863 1315 Agenore
881 1239 974 1305 nata,

103 1336 194 1422 quod
212 1348 280 1400 tam
298 1336 479 1410 formosum
497 1336 588 1422 quod
607 1334 738 1420 proelia
754 1334 849 1398 nulla
867 1335 1025 1400 minetur.

13 1484 19 1503 .-
103 1442 165 1506 sed
182 1442 338 1528 quamvis
354 1442 484 1517 mitem,
504 1432 621 1505 m‘etllit
637 1440 987 1527 contingere-primo:
1101 1457 1157 1513 860

103 1570 184 1613 mox
201 1549 283 1623 adit,
301 1559 334 1613 et
350 1548 451 1613 flores
468 1549 510 1612 ad
528 1548 675 1612 candida
693 1546 837 1634 porrigit
852 1569 925 1612 ora.

148 1653 252 1718 Nunc
269 1656 356 1719 latus
373 1655 408 1718 in
425 1654 526 1719 sulvis
542 1654 680 1718 niveum
698 1654 838 1738 deponit
855 1653 989 1720 arenis:
1102 1671 1156 1742 865

102 1759 335 1848 panlatimque
353 1772 444 1825 metu
461 1761 610 1846 dempto,
630 1761 731 1826 modo
749 1773 886 1847 pectora
904 1762 1047 1846 praebet

101 1868 258 1955 virginea
274 1869 448 1953 palpanda
465 1889 581 1943 manu,
601 1868 703 1932 modo
720 1888 849 1933 cornua
866 1867 964 1933 sertis

29 1964 35 1977 ’
100 1974 321 2060 impedienda
337 1973 446 2039 novis.
495 1972 593 2038 Ausa
611 1984 662 2039 est
677 1996 813 2060 quoque
830 1973 928 2062 regia
944 1973 1057 2062 virgo,

101 2080 217 2145 nescia
234 2102 336 2167 quem
354 2090 534 2165 premeret,
553 2090 651 2166 tergo
669 2081 847 2146 considere
863 2080 972 2144 tauri:

101 2208 180 2251 cum
197 2187 281 2251 deus
298 2208 318 2250 a
335 2197 424 2251 terra
440 2186 600 2273 siccoque
618 2208 638 2250 a
655 2187 752 2252 litore
769 2185 896 2251 sensim
1101 2205 1157 2272 870

100 2293 188 2359 salsa
205 2295 330 2380 pedum
348 2292 466 2378 primis
483 2292 628 2380 vestigia
646 2293 740 2378 ponit
756 2293 790 2358 in
809 2293 924 2370 undis,

99 2399 180 2466 inde
198 2401 267 2464 abit
282 2400 435 2474 ulterius,
455 2399 626 2485 mediique
643 2421 705 2485 per
721 2421 872 2486 aequora
888 2398 982 2487 ponti

29 2546 33 2553 -
99 2501 164 2566 sert
181 2502 357 2586 praedam.
406 2500 514 2567 Pavet
530 2503 629 2577 haec,
648 2502 794 2588 litusque
811 2503 926 2580 ablata
942 2503 1100 2571 relictum

99 2607 247 2693 respicit,
264 2619 297 2672 et
311 2608 430 2672 dextra
447 2630 590 2673 cornum
607 2619 712 2682 tenet,
731 2609 836 2674 altera
855 2588 956 2676 dorso

98 2714 258 2801 imposita
275 2725 345 2781 est:
370 2716 535 2780 tremulae
552 2713 730 2779 sinuantur
746 2714 886 2781 flamine
902 2727 1027 2783 vestes.
1100 2736 1153 2806 875
