2490 4208
130 203 193 250 112
452 181 524 250 Tae
552 182 671 269 Chz‘eſs
692 193 732 250 at
760 183 866 279 Troy,
1036 176 1183 272 [Marum

128 381 238 446 attulit
253 380 289 445 in
305 379 464 467 patriam,
483 381 748 468 conjurataeque
765 390 953 468 sequuntur

128 489 221 553 mille
237 499 339 564 rates,
358 488 538 575 gentisque
555 488 655 552 simul
672 509 855 552 commune
872 487 1056 576 Pelasgae.

127 616 192 660 nec
208 595 312 659 dilata
328 595 414 659 foret
428 594 590 669 vindicta,
610 594 674 658 nisi
692 615 841 680 aequora
859 595 954 658 saevi

127 701 219 766 invia
233 701 393 766 fecissent
408 700 511 776 venti,
531 699 728 787 Boeotaque
744 701 846 766 tellus

127 807 255 873 Aulide
272 808 406 893 piscosa
424 828 558 893 puppes
574 807 737 871 tenuisset
752 807 871 874 ituras.
1152 845 1183 884 10

174 916 243 981 Hic
258 916 367 1000 patrio
384 917 427 980 de
445 937 537 980 more
549 915 627 1002 Jovi
645 937 722 980 cum
741 938 841 982 sacra
857 932 1050 1003 parassent,

127 1033 165 1088 ut
180 1034 277 1087 vetus
294 1023 448 1087 accensis
465 1022 642 1086 incanduit
657 1022 796 1109 ignibus
814 1045 886 1102 ara,

129 1150 266 1214 serpere
283 1129 479 1193 caeruleum
497 1128 612 1192 Danai
629 1129 746 1194 videre
764 1132 948 1197 draconem

128 1235 163 1299 in
180 1235 371 1321 platanum,
390 1234 519 1320 coeptis
536 1255 625 1320 quae
643 1237 754 1301 stabat
770 1238 927 1322 proxima
945 1241 1064 1306 sacris.

129 1341 229 1406 nidus
246 1352 319 1406 erat
334 1341 511 1405 volucrum
528 1341 581 1406 bis
598 1353 756 1428 quattuor
773 1345 894 1410 arbore
912 1369 1059 1423 summa,
1151 1376 1181 1433 15

129 1470 215 1534 quas
231 1448 332 1513 simul
349 1458 382 1511 et
399 1458 539 1512 matrem
559 1448 687 1514 circum
704 1471 765 1515 sua
783 1452 908 1517 damna
926 1453 1097 1518 volantem

129 1556 292 1640 corripuit
308 1576 462 1639 serpens,
482 1557 652 1643 avidaque
670 1558 885 1623 abscondidit
901 1560 991 1624 alvo.

129 1663 334 1748 obstupuere
350 1684 482 1727 omnes·
522 1661 578 1727 *At
596 1663 665 1728 veri
682 1665 844 1748 providus
861 1686 973 1753 augur

129 1769 352 1835 Thestorides
371 1770 599 1835 ‘Vincamus'
616 1771 675 1846 ait,
695 1772 879 1858 ‘gaudete,
898 1772 1059 1860 Pelasgi:

129 1876 236 1965 Troja
253 1879 373 1952 cadet;
398 1880 459 1942 sed
475 1879 537 1942 erit
553 1877 658 1942 nostri
676 1899 771 1942 mora
788 1880 892 1966 longa
910 1879 1036 1944 laboris
1048 1881 1077 1955 ;’
1151 1915 1185 1953 20

131 1994 231 2071 atque
248 2006 372 2050 novem
390 1985 546 2049 volucres
563 1983 597 2046 in
614 1983 695 2048 belli
713 1984 837 2071 digerit
854 2006 975 2051 annos.

130 2091 201 2166 ille,
219 2103 256 2156 ut
272 2103 356 2167 erat,
374 2091 500 2155 virides
518 2090 697 2175 amplexus
713 2089 749 2154 in
767 2091 888 2156 arbore
904 2114 1018 2159 ramos

99 2223 104 2232 ’
130 2199 167 2263 fit
182 2199 283 2285 lapis,
302 2209 335 2265 et
351 2208 490 2284 superat
506 2196 671 2282 serpentis
688 2196 840 2284 imagine
857 2220 993 2264 saxum.

176 2305 360 2372 Permanet
375 2305 498 2371 Aoniis
515 2303 651 2369 Nereus
667 2303 836 2370 violentus
853 2305 888 2369 in
904 2308 1017 2384 undis,

129 2410 290 2499 bellaque
306 2435 375 2478 non
392 2412 571 2484 transfert3
597 2421 630 2474 et
646 2421 736 2487 sunt,
754 2411 813 2497 qui
830 2433 971 2498 parcere
987 2413 1136 2502 Trojae,
1152 2445 1186 2502 25

131 2518 333 2605 Neptunum
351 2522 504 2596 credant,
523 2520 604 2606 quia
623 2520 756 2585 moenia
774 2521 901 2586 fecerat
917 2522 1003 2586 urbi.

132 2635 166 2690 at
183 2647 250 2691 non
267 2626 511 2692 Thestorides:
537 2629 603 2692 nec
620 2627 710 2691 enim
729 2628 879 2692 nescitve
896 2639 1040 2704 tacetve,

131 2733 301 2819 sanguine
317 2733 473 2820 virgineo
490 2734 696 2819 placandam
714 2733 858 2820 virginis
874 2732 960 2798 iram

131 2860 207 2904 esse
224 2841 322 2904 deae.
371 2839 555 2926 Postquam
574 2841 732 2927 pietatem
751 2840 888 2925 publica
905 2861 1022 2916 causa,

131 2967 261 3032 rexque
278 2957 408 3031 patrem
425 2947 517 3021 vicit,
536 2959 736 3033 castumque
753 2946 872 3010 datura
890 2967 1047 3012 cruorem
1065 2994 1067 2999 -
1152 2981 1191 3033 30

131 3052 289 3117 flentibus
307 3063 385 3115 ante
403 3073 496 3115 aram
515 3054 603 3117 stetit
620 3052 803 3139 Iphigenia
822 3052 996 3128 ministris,

132 3158 220 3223 victa
236 3158 302 3222 dea
319 3168 381 3232 est,
400 3159 594 3244 nubemque
610 3159 718 3223 oculis
735 3158 871 3246 objecit,
891 3168 924 3223 et
939 3158 1027 3223 inter

132 3265 279 3329 officium
297 3265 499 3350 turbamque
516 3263 604 3328 sacri
621 3285 791 3350 vocesque
808 3276 1011 3350 precantum

132 3371 307 3455 subposita
323 3371 428 3434 fertur
445 3382 594 3434 mutasse
611 3369 799 3456 Mycenida
817 3391 931 3436 cerva.

133 3499 216 3563 ergo
233 3477 304 3551 ubi,
323 3498 390 3562 qua
407 3477 533 3550 decuit,
551 3476 654 3540 lenita
671 3489 722 3541 est
738 3480 845 3543 caede
862 3477 991 3553 Diana,
1121 3464 1125 3470 ⁵
1152 3514 1187 3566 35

132 3594 165 3648 et
182 3583 307 3667 pariter
323 3581 493 3656 Phoebes,
512 3582 638 3667 pariter
655 3583 758 3647 maris
775 3584 824 3648 ira
841 3585 1002 3660 recessit;

133 3688 304 3774 accipiunt
320 3698 438 3752 ventos
455 3708 474 3751 a
491 3699 588 3774 tergo
606 3688 697 3753 mille
715 3692 866 3766 carinae,

132 3796 307 3880 multaque
324 3814 507 3878 perpessae
524 3793 679 3882 Phrygia
696 3797 869 3881 potiuntur
886 3819 1002 3864 arena.

172 3899 267 3967 Orbe
283 3901 383 3968 locus
400 3900 515 3969 medio
532 3912 584 3968 est
598 3901 684 3967 inter
699 3913 875 3990 terrasque
890 3905 1082 3993 fretumque
