2490 4208
98 153 143 228 70
330 141 402 209 Tae
424 142 698 210 Enchantments
719 146 768 231 eff
779 142 920 210 Medea.
1002 162 1149 234 [Mareu.

97 337 224 404 obstitit
249 338 385 425 incepto
413 340 543 425 pudor3
571 351 605 406 at
621 342 805 428 complexa
819 338 956 419 fuisses,
1100 370 1149 430 145

98 446 159 510 sed
175 456 221 522 te,
240 466 284 511 ne
301 447 444 523 faceres,
463 447 570 512 tenuit
585 448 776 513 reverentia
792 447 920 512 famae.

87 552 296 638 quodlicet,
316 553 450 618 adfectu
466 554 566 619 tacito
583 553 732 630 laetaris,
752 553 897 642 agisque
938 572 943 580 ’

94 654 307 724 ¹carminibus
323 669 438 747 grates
454 669 488 724 et
504 660 557 724 dis
574 659 769 726 auctoribus
785 661 920 725 horum.

143 764 350 853 Pervigilem
368 778 523 853 superest
539 766 654 831 herbis
671 766 783 852 sopire
800 767 998 844 draconem,

80 872 155 969 [qui
171 871 272 936 crista
289 872 486 959 linguisque
502 872 609 938 tribus
629 873 823 962 praesignis
840 884 873 939 et
887 874 988 957 uncis
1098 903 1150 961 150

73 972 255 1063 (dentibus
272 978 463 1043 horrendus
480 988 594 1043 custos
610 989 684 1044 erat
700 976 815 1046 arietis
831 981 939 1048 aurei.
963 1008 967 1037 ι

96 1084 190 1148 hunc
205 1094 385 1170 postquam
404 1082 527 1169 sparsit
545 1083 691 1150 Lethaei
708 1086 865 1174 gramine
881 1085 968 1162 suci,

95 1191 268 1277 verbaque
284 1201 335 1255 ter
351 1191 437 1269 dixit
452 1190 608 1276 placidos
625 1191 784 1257 facientia
801 1213 951 1268 somnos,

95 1318 184 1383 quae
202 1317 296 1361 mare
311 1296 497 1372 turbatum,
515 1316 604 1383 quae
621 1297 754 1363 concita
769 1297 912 1362 flumina
929 1298 1069 1364 sistunt:

95 1423 236 1470 somnus
253 1403 288 1467 in
305 1403 440 1490 ignotos
457 1403 576 1469 oculos
593 1404 656 1469 sibi
672 1404 777 1479 venit,
796 1415 830 1471 et
846 1426 930 1470 auro
1096 1436 1145 1491 ¹55

95 1509 196 1576 beros
212 1508 385 1576 Aesonius
402 1510 548 1595 potitur3
574 1512 751 1598 spolioque
769 1511 950 1597 superbus,

95 1616 245 1682 muneris
263 1626 438 1681 auctorem
453 1637 585 1693 secum,
603 1618 711 1703 spolia
729 1618 849 1694 altera,
867 1630 1021 1704 portans,
1082 1690 1087 1701 ¹

93 1722 201 1789 victor
218 1713 384 1789 I'olc‘iacos
401 1722 512 1811 tetigit
527 1744 606 1788 cum
623 1723 770 1811 conjuge
786 1724 915 1809 portus.

141 1827 356 1893 Haemoniae
373 1839 499 1894 matres
515 1850 577 1915 pro
593 1830 711 1917 gnatis·
723 1829 813 1895 dona
830 1829 975 1914 receptis

92 1935 351 2024 grandaevique
367 1935 481 2000 ferunt
496 1944 624 2020 patres,
643 1945 875 2023 congestaque
890 1934 1033 2002 flamma
1092 1954 1145 2009 160

92 2054 168 2108 tura
185 2041 419 2130 liquefaciunt,
438 2041 645 2128 inductaque
662 2042 822 2107 cornibus
839 2063 961 2107 aurum

91 2149 230 2216 victima
247 2161 324 2215 vota
343 2147 445 2213 cadit.
493 2146 565 2213 Sed
582 2148 678 2215 abest
694 2148 908 2235 gratantibus
923 2147 1057 2228 Aeson,

88 2255 159 2344 jam
177 2255 316 2344 propior
330 2256 411 2330 leto,
429 2254 608 2340 fessusque
624 2255 788 2320 senilibus
804 2255 916 2320 annis.

92 2383 169 2427 cum
187 2362 237 2428 sic
253 2361 467 2427 Aesonides:
495 2360 551 2447 ‘O
568 2360 623 2425 eui
640 2360 765 2425 debere
782 2361 928 2426 salutem

91 2470 266 2545 confiteor,
285 2468 448 2556 conjunx,
466 2448 675 2554 quamquain
693 2466 775 2531 mihi
791 2476 915 2532 cuncta
931 2466 1066 2545 dedisti,
1089 2484 1141 2555 1⁶5

90 2576 303 2662 excessitque
319 2577 422 2641 fidem
442 2573 638 2639 meritorum
655 2594 789 2638 summa
805 2583 941 2638 tuorum
953 2597 976 2639 ε,
1201 2573 1205 2578 “

90 2681 119 2746 si
135 2692 249 2746 tamen
260 2683 326 2747 hoc
342 2692 484 2768 possunt
499 2675 599 2768 (quid
612 2679 703 2745 enim
717 2700 786 2744 non
798 2679 952 2744 carmina
964 2680 1095 2766 possint
1102 2680 1139 2767 i)

90 2787 190 2853 deme
209 2789 294 2854 meis
311 2788 423 2864 annis,
441 2798 475 2853 et
491 2789 647 2872 demptos
664 2785 754 2850 adde
770 2785 901 2869 parenti
915 2785 945 2849 ι’

90 2915 155 2960 nec
170 2896 277 2959 tenuit
292 2895 464 2960 lacrimas
515 2893 612 2959 Mota
629 2903 681 2958 est
696 2891 821 2977 pietate
838 2891 1003 2979 rogantis,

87 3001 358 3088 dissimilemque
374 3001 526 3065 animum
543 3000 645 3065 subiit
657 2997 825 3113 pecta
788 2997 937 3064 relictus.
1089 3028 1140 3082 170

25 3133 29 3141 ¹
134 3105 211 3171 Nec
227 3117 341 3172 tamen
358 3088 500 3171 effecius
517 3090 601 3171 tiles
618 3088 789 3180 confessa,
798 3085 959 3190 ‘Qod’
974 3102 1084 3192 inquit

90 3213 241 3278 ‘excidit
256 3235 314 3278 ore
331 3213 399 3298 pio,
418 3212 582 3300 conjunx,
601 3210 736 3278 scelus?
759 3231 844 3299 ergo
861 3231 928 3297 ego
944 3211 1106 3298 cuiquam

89 3340 190 3404 posse
205 3331 284 3385 tuae
300 3319 417 3384 videor
433 3318 579 3404 spatium
595 3317 823 3383 transcribere
839 3314 953 3381 vitae?

88 3446 154 3490 nec
170 3425 259 3490 sinat
275 3426 340 3489 hoc
358 3423 503 3500 Hecate,
519 3444 585 3488 nec
599 3434 636 3488 tu
652 3422 738 3508 petis
754 3442 875 3509 aequa.
924 3421 998 3488 Sed
1011 3420 1091 3498 isto,

89 3532 181 3617 quod
196 3532 296 3617 petis,
315 3531 474 3615 experiar
490 3530 599 3618 majus
616 3529 699 3594 dare
713 3550 854 3605 munuS,
873 3527 988 3595 Iason.
1089 3557 1138 3615 173

89 3646 160 3700 arte
177 3656 255 3700 mea
272 3636 380 3700 soceri
396 3635 539 3721 longum
555 3632 797 3718 temptabimus
817 3653 956 3710 aevum,

87 3763 157 3807 non
175 3742 272 3807 annis
288 3760 450 3806 revocare
465 3740 549 3805 tuis:
575 3739 676 3805 modo
691 3738 772 3804 diva
787 3738 949 3805 triformis

79 3849 234 3935 adjuret,
255 3859 291 3914 et
300 3866 471 3934 praesens
487 3845 670 3911 intentibus
686 3845 816 3910 adnuat
831 3842 924 3911 ausis
939 3845 949 3874 '
