2490 4208
116 167 171 221 lv.
184 165 259 238 784]
357 112 362 122 .
416 146 488 215 The
508 146 700 235 Marrz'age
720 144 891 213 Festival.
953 202 956 207 .
1120 157 1164 234 47

114 367 207 413 nunc
223 365 358 432 quoque
375 344 512 414 curaliis
529 344 651 409 eadem
668 354 788 408 natura
805 342 981 420 remansit,
1115 370 1166 426 750

114 453 272 519 duritiam
289 461 378 517 tacto
395 451 533 536 capiant
548 461 584 514 ut
600 451 643 514 ab
660 455 753 525 aere,
772 450 931 535 quodque

112 560 229 624 vimen
245 558 280 622 in
297 578 446 648 aequore
464 566 548 631 erat,
567 557 627 620 fiat
642 576 745 641 super
762 576 910 641 aequora
927 576 1065 623 saxum.

160 665 224 730 Dis
238 665 345 732 tribus
360 663 418 728 ille
435 662 530 728 focos
547 662 686 727 totidem
704 662 748 727 de
765 661 891 744 cespite
908 663 1015 746 ponit,

114 771 250 836 laevum
268 769 456 845 Mercurio,
475 769 634 833 dextrum
650 767 724 843 tibi,
742 766 866 832 bellica
882 766 1013 855 Virg0;

115 898 176 942 ara
187 877 282 964 Jovis
298 877 411 942 media
428 885 499 941 est:
526 884 694 938 mactatur
708 893 815 938 vacca
832 872 1026 952 Minervae,
1114 906 1164 963 75⁵

116 983 241 1069 alipedi
257 983 395 1059 vitulus,
412 993 531 1047 taurus
548 979 620 1055 tibi,
640 1001 773 1045 summe
790 979 944 1045 deorum.

116 1090 267 1176 protinus
283 1088 531 1155 Andromedan
548 1097 581 1152 et
596 1086 680 1151 tanti
697 1085 851 1170 praemia
867 1085 947 1151 facti

115 1196 266 1262 indotata
281 1197 380 1282 rapit.
428 1195 569 1260 Taedas
588 1192 814 1280 Hymenaeus
830 1189 1007 1279 Amorque

116 1303 350 1389 praecutiunt;
374 1302 480 1388 largis
498 1301 663 1367 satiantur
678 1299 838 1365 odoribus
855 1298 967 1385 ignes

115 1420 272 1495 sertaque
289 1409 484 1494 dependent
499 1409 609 1482 tectis,
627 1418 660 1472 et
676 1405 801 1492 ubique
818 1405 983 1492 lyraeque
1115 1423 1166 1490 760

115 1517 265 1602 tibiaque
282 1526 315 1580 et
331 1514 587 1591 cantus‚.animi
604 1513 718 1579 felicia
735 1511 814 1577 laeti

116 1633 331 1710 argumenta,
350 1606 501 1709 sonantl
533 1621 711 1686 Reseratis
728 1639 833 1684 aurea
849 1619 958 1685 valvis

117 1728 202 1793 atria
218 1739 286 1794 tota
303 1739 430 1814 patent,
451 1728 664 1814 pulchroque
681 1727 848 1811 instructa
863 1738 985 1812 paratu

116 1834 273 1921 Cepheni
290 1855 448 1920 proceres
463 1835 583 1899 ineunt
599 1833 757 1899 convivia
773 1831 877 1920 regis.

161 1941 347 2028 Postquam
363 1941 473 2026 epulis
489 1940 595 2006 functi
613 1939 771 2028 generosi
788 1960 932 2006 munere
947 1937 1078 2006 Bacchi
1112 1954 1163 2026 765

118 2047 284 2113 diffudere
300 2047 446 2124 animos,
463 2048 642 2134 cultusque
658 2068 836 2135 genusque
852 2047 1006 2113 locorum

116 2153 249 2241 quaerit
265 2152 453 2240 Lyncides,
473 2138 652 2240 moresque
670 2154 893 2239 animumque
909 2153 1081 2228 virorum

117 2259 175 2347 qui
193 2260 292 2325 simul
309 2260 457 2336 edocuit,
477 2259 617 2337 ‘Nune
637 2259 891 2336 osonissime:
908 2259 993 2325 dixit

118 2366 213 2431 ‘sare
230 2387 363 2452 precor,
381 2366 523 2440 Perseu,
540 2377 669 2453 quanta
684 2367 818 2442 virtute,
837 2350 1029 2453 quibusque
1113 2393 1165 2451 770

116 2472 244 2537 artibus
260 2458 440 2538 abstuleris
456 2472 577 2537 crinita
594 2473 800 2539 draconibus
817 2473 902 2538 ora!

114 2589 231 2644 narrat
246 2564 462 2666 Agenorides
479 2579 594 2666 gelido
611 2579 674 2644 sub
690 2577 830 2645 Atlante
842 2580 1015 2668 jacentem

115 2705 191 2750 esse
207 2684 321 2750 locum
337 2683 467 2750 solidae
482 2696 591 2750 tutum
609 2685 797 2753 munimine
813 2686 927 2765 molle,

115 2790 213 2878 cujus
229 2790 264 2854 in
280 2789 415 2856 introitu
432 2791 591 2879 geminas
608 2792 780 2859 habitasse
797 2815 931 2861 sorores

114 2895 316 2974 Phorcidas,
335 2896 436 2962 unius
452 2899 592 2983 partitas
608 2898 748 2965 luminis
765 2923 887 2966 usum:
1114 2930 1165 2989 775

113 3002 149 3067 id
166 3023 203 3068 se
219 3002 345 3068 sollerti
362 3002 490 3080 furtim,
509 3004 590 3068 dum
609 3006 766 3084 traditur,
785 3019 859 3073 astu

114 3109 288 3195 subposita
305 3111 436 3196 cepisse
453 3131 558 3176 manu
571 3098 600 3209 ql
607 3135 737 3201 perque
754 3115 868 3181 abdita
884 3115 990 3204 longe

114 3215 283 3302 deviaque
299 3226 332 3281 et
347 3216 442 3282 silvis
459 3217 633 3285 horrentia
649 3242 734 3285 saxa
751 3221 898 3308 fragosis

115 3321 320 3409 Gorgoneas
334 3323 487 3412 tetigisse
506 3327 626 3392 domos
639 3348 647 3400 ;
672 3327 869 3418 passimque
885 3349 947 3414 per
962 3349 1065 3415 agros

114 3448 243 3514 perque
259 3427 334 3494 vias
350 3430 476 3496 vidisse
495 3433 671 3498 hominum
689 3431 872 3497 simulacra
890 3433 1108 3521 ferarumque

114 3533 150 3598 in
166 3534 296 3601 silicem
314 3561 359 3604 ex
374 3539 458 3625 ipsis
474 3540 546 3604 visa
564 3560 730 3604 conversa
746 3515 916 3625 Medusai

113 3663 152 3707 se
167 3653 282 3710 tamen
300 3646 491 3711 horrendae
507 3645 622 3730 clipei,
640 3646 732 3732 quod
748 3645 847 3710 laeva
864 3646 1019 3732 gerebat,

113 3771 195 3817 aere
209 3774 424 3839 repercusso,
443 3752 587 3817 formam
605 3751 782 3836 aspexisse
798 3750 993 3828 Medusae3

112 3857 265 3945 dumque
274 3857 396 3945 gravis
410 3879 553 3925 somnus
570 3859 808 3954 colubrasque
823 3859 1197 3952 ipsamquetenebat,
