2490 4208
119 219 171 288 86'
277 260 280 266 -
395 219 489 296 ‚The
518 219 734 307 Calydonern
756 220 874 293 Hanc.
1029 237 1177 310 [Marum

119 417 156 505 in
172 417 284 484 scelus
301 416 502 499 addendum,
515 418 627 483 scelus
643 427 705 493 est,
724 416 759 482 in
775 416 896 481 funera
912 416 1036 507 funus3

109 510 182 610 sper
198 533 418 589 coacervatos
434 534 554 607 pereat
568 523 691 589 domus
707 522 813 609 impia
830 510 958 588 luctus.¹
1121 541 1177 607 485

121 651 165 694 an
181 630 264 695 felix
281 628 421 694 Oeneus
438 638 518 693 nato
533 628 661 707 victore
677 627 818 703 fruetur,
852 681 860 695 .

120 735 282 801 Thestius
298 736 401 800 orbus
419 731 504 799 erit?
516 710 679 834 (fidelius
696 731 857 821 lugebitis
874 733 990 821 ambo,

120 863 181 907 vos
198 842 312 918 modo,
331 839 470 906 fraterni
489 860 621 917 manes,
640 839 845 926 animaeque
861 850 1030 916 recentes,

120 947 269 1014 officium
286 947 405 1013 sentite
421 966 550 1020 meum,
570 965 766 1032 magnoque
782 956 920 1030 paratas
986 978 990 983 ¹

121 1054 264 1139 accipite
280 1053 432 1129 inferias,
450 1049 535 1116 uteri
554 1051 644 1125 mala
660 1050 807 1144 pignora
823 1018 955 1139 nostri.)
1120 1081 1177 1140 490

168 1160 232 1224 ‘Ei
250 1158 353 1225 mihil
378 1181 445 1246 quo
461 1154 598 1242 rapior?
621 1155 742 1250 fratres
758 1155 927 1244 ignoscite
942 1155 1062 1224 matri!

121 1265 282 1333 deficiunt
298 1265 342 1330 ad
359 1275 479 1350 coepta
496 1283 630 1327 manus.
680 1260 853 1329 Meruisse
868 1263 1016 1330 fatemur

120 1371 230 1448 illum,
248 1392 310 1437 cur
324 1382 462 1457 pereat:
487 1369 604 1437 mortis
620 1366 704 1433 mihi
721 1366 879 1454 displicet
894 1380 1024 1435 auctor.

35 1533 37 1537 .
121 1499 205 1567 ergo
220 1478 360 1564 impune
377 1477 473 1555 seret,
490 1475 706 1562 vivusque'et
720 1474 828 1541 victor
844 1485 878 1539 et
892 1474 969 1561 ipso

121 1605 281 1651 successu
297 1584 446 1662 tumidus
462 1579 816 1673 regnumCalydonis
832 1578 993 1647 habebit?
1118 1613 1175 1671 495

120 1713 182 1757 vos
198 1690 282 1756 cinis
299 1691 446 1780 exiguus
462 1688 667 1778 gelidaeque
679 1686 837 1776 jacebitis
854 1685 1021 1753 umbrae?

120 1797 213 1863 haud
230 1797 389 1884 equidem
405 1797 528 1883 patiar·
575 1795 699 1863 Pereat
714 1793 914 1868 sceleratus,
934 1793 1042 1860 stille

120 1925 284 1991 spemque
299 1904 404 1990 patris
420 1903 587 1992 regnique
602 1902 715 1976 trahat
729 1899 930 1987 patriaeque
945 1900 1097 1966 ruinam

119 2031 216 2075 mens
232 2008 290 2074 ubi
307 2020 461 2075 materna
477 2007 550 2075 est?
568 2008 632 2081 ubi
647 2018 726 2075 sunt
740 2007 798 2094 pia
811 2005 890 2095 jura
906 2005 1113 2092 parentum?

119 2126 153 2181 et
168 2139 252 2202 quos
269 2115 412 2181 sustinui
428 2115 480 2181 bis
496 2130 653 2182 mensum
669 2114 821 2202 quinque
834 2111 995 2179 labores?
1119 2142 1176 2202 500

120 2217 152 2283 O
167 2218 296 2283 utinam
312 2219 431 2304 primis
448 2217 590 2284 arsisses
605 2217 744 2305 ignibus
760 2215 888 2293 infans,

118 2323 221 2411 idque
237 2345 304 2412 ego
319 2344 422 2411 passa
439 2322 568 2389 soremi
615 2322 740 2395 Vixisti
758 2344 901 2393 munere
917 2334 1055 2393 nostros

118 2450 210 2495 nunc
226 2429 346 2497 merito
362 2430 507 2497 moriere
522 2440 593 2497 tuo.
641 2427 740 2516 Cape
756 2429 911 2516 praemia
926 2430 1022 2510 facti,

117 2535 237 2623 bisque
253 2536 382 2614 datam,
400 2535 549 2622 primum
564 2546 677 2622 partu,
696 2557 777 2603 mox
793 2537 905 2624 stipite
921 2549 1036 2626 rapto,

116 2643 223 2708 redde
239 2640 403 2721 animam,
419 2642 477 2709 vel
493 2664 547 2709 me
563 2641 722 2711 fraternis
738 2643 828 2711 adde
843 2645 1025 2732 sepulcris.
1116 2678 1169 2735 505

163 2747 230 2813 ‘Et
254 2748 368 2833 cupio,
397 2758 433 2815 et
458 2768 613 2836 nequeo:
638 2748 721 2843 quid
744 2749 873 2839 agam?
896 2751 1001 2821 modo
1021 2752 1171 2833 vulnera

251 2854 394 2919 fratrum

118 2970 195 3027 ante
211 2961 329 3026 oculos
345 2959 428 3025 mihi
445 2970 534 3038 sunt,
552 2972 588 3029 et
601 2971 718 3030 tantae
734 2964 850 3033 caedis
866 2964 1005 3054 imagor

118 3088 209 3132 nunc
226 3066 377 3131 animum
393 3066 508 3152 pietas·
518 3079 742 3158 maternaque
757 3071 898 3139 nomina
913 3071 1090 3160 frangunt.

117 3195 172 3238 me
189 3171 369 3237 miseram!
395 3174 485 3238 male
501 3174 657 3252 vincetis,
675 3176 735 3242 sed
752 3176 890 3253 vincite,
907 3176 1051 3244 fratres:

117 3278 302 3344 dummodo
317 3299 406 3365 quae
422 3279 551 3347 dedero
565 3282 664 3348 vobis
680 3283 821 3361 solacia,
839 3304 969 3370 vosque
1115 3312 1168 3371 510

116 3384 190 3470 ipsa
207 3384 355 3471 sequar.’
402 3385 511 3463 Dixit,
530 3388 719 3475 dextraque
736 3409 858 3455 aversa
873 3388 1031 3457 trementi

116 3491 293 3573 funereum
311 3502 437 3558 torrem
453 3494 584 3561 medios
601 3494 746 3580 conjecit
762 3494 797 3559 in
813 3495 926 3583 ignes.

116 3607 175 3663 aut
190 3597 295 3674 dedit,
315 3609 373 3664 aut
387 3600 480 3665 visus
497 3600 645 3687 gemitus
662 3611 713 3666 est
728 3601 786 3666 ille
802 3601 941 3668 dedisse

115 3704 232 3790 stipes,
251 3717 289 3771 ut
304 3706 417 3772 invitis
434 3719 610 3790 correptus
620 3707 672 3770 ab
688 3705 826 3793 ignibus
844 3708 937 3775 arsit.

151 3811 291 3878 Inscius
307 3824 411 3900 atque
428 3813 552 3878 absens
568 3811 709 3875 flamma
725 3806 924 3900 Meleagriis
941 3816 987 3881 ab
1001 3814 1062 3883 illa
1114 3847 1164 3905 5¹5

86 3915 212 3995 uritur,
232 3931 270 3987 et
284 3920 407 3989 caecis
424 3920 550 3991 torreri
566 3919 706 3989 viscera
721 3919 825 3994 sentit
