2490 4208
96 212 161 260 110
414 194 450 261 Τ
442 194 485 260 lte
509 194 616 282 Story
639 197 687 281 of
698 195 832 260 Mida&
1003 210 1139 283 [Merra.

93 391 218 478 pollice
236 388 407 465 sollicitat,
427 413 572 477 quorum
589 391 771 456 dulcedine
789 401 910 476 captus
1096 418 1141 473 170

94 499 190 565 Pana
203 499 301 588 jubet
317 496 464 563 Tmolus
482 498 634 562 citharae
651 497 861 562 summittere
879 517 1022 562 cannas.

134 605 307 693 Judicium
327 603 503 689 sanctique
520 605 632 689 placet
648 604 815 669 sententia
832 603 955 669 montis

93 713 262 779 omnibus.
311 709 480 798 Arguitur
495 720 624 787 tamen,
643 721 744 796 atque
760 710 885 798 injusta
901 719 1045 776 vocatur

93 819 194 885 unius
210 839 367 884 sermone
385 815 515 881 Midae.
563 815 642 881 Nec
657 816 779 882 Delius
795 837 896 882 aures

93 927 280 991 humanam
297 925 436 990 stolidas
454 922 579 1008 patitur
595 923 741 989 retinere
758 925 904 1012 figuram
918 946 927 999 3
1095 952 1141 1010 175

4 1028 7 1033 ’
93 1033 154 1098 sed
169 1033 270 1097 trahit
286 1032 321 1097 in
339 1032 499 1117 spatium,
518 1029 676 1116 villisque
694 1030 887 1096 albentibus
903 1030 1037 1116 implet,

93 1139 335 1225 instabilesque
350 1139 437 1203 imas
454 1137 546 1214 facit,
566 1148 599 1202 et
614 1138 673 1202 dat
688 1159 789 1222 posse
807 1137 949 1203 moveri.

93 1259 206 1312 cetera
222 1257 300 1312 sunt
315 1245 484 1311 hominis:
508 1256 641 1331 partem
658 1244 841 1309 damnatur
857 1242 892 1307 in
910 1265 1029 1321 unam,

91 1351 309 1440 induiturque
327 1373 426 1417 aures
442 1353 532 1416 lente
549 1350 737 1439 gradientis
755 1349 864 1416 aselli.

138 1459 201 1524 llle
217 1459 356 1545 quidem
372 1459 474 1534 celat,
491 1459 648 1545 turpique
664 1467 806 1524 onerata
823 1456 954 1542 pudore
1094 1474 1145 1529 180

91 1575 247 1651 tempora
263 1565 443 1651 purpureis
459 1575 601 1650 temptat
617 1566 731 1630 velare
747 1563 863 1638 tiaris3

92 1673 152 1737 sed
169 1673 287 1738 solitus
305 1673 427 1760 longos
443 1673 532 1738 ferro
549 1693 704 1738 resecare
720 1672 866 1758 capillos

91 1779 223 1845 viderat
238 1781 305 1846 hoc
320 1780 481 1845 famulus.
531 1778 616 1865 Qui,
635 1801 713 1844 cum
730 1801 796 1844 nec
812 1779 958 1865 prodere
973 1776 1090 1845 visum

91 1887 240 1953 dedecus
258 1887 410 1963 auderet,
429 1886 572 1972 cupiens
589 1885 709 1952 efferre
726 1888 790 1953 sub
809 1907 924 1962 auraS,

90 2014 156 2059 nec
172 2004 287 2079 posset
301 1993 443 2058 reticere
459 2005 588 2070 tamen,
606 1993 748 2070 secedit,
767 1994 979 2080 humumque
1096 2012 1144 2083 185

90 2099 220 2176 effodit,
238 2110 283 2176 et,
301 2100 431 2166 domini
447 2101 566 2187 quales
584 2100 755 2186 aspexerit
771 2121 886 2177 aures,

90 2228 174 2272 voce
190 2207 292 2272 refert
307 2227 427 2292 parva,
445 2217 623 2293 terraeque
640 2206 868 2273 inmurmurat
883 2207 1049 2285 haustae;

90 2312 321 2399 indiciumque
338 2334 421 2378 suae
437 2313 532 2379 vocis
548 2313 669 2378 tellure
686 2325 824 2401 regesta

88 2420 211 2496 obruit,
231 2430 264 2485 et
279 2419 455 2485 scrobibus
471 2419 592 2485 tacitus
608 2419 752 2485 discedit
766 2420 906 2506 opertis.

89 2527 208 2591 creber
225 2525 448 2591 arundinibus
464 2525 616 2591 tremulis
633 2526 679 2591 ibi
695 2548 838 2615 surgere
858 2530 956 2595 lucus
1095 2564 1147 2622 ¹90

88 2633 211 2718 coepit,
230 2644 275 2708 et,
293 2642 330 2697 ut
345 2632 493 2717 primum
509 2633 612 2718 pleno
630 2635 791 2700 maturuit
808 2655 912 2712 anno,

88 2740 236 2826 prodidit
252 2739 453 2827 agricolam.
503 2738 592 2803 Leni
608 2760 690 2805 nam
707 2752 819 2807 motus
835 2742 880 2807 ab
895 2752 1012 2809 austro

86 2847 206 2938 obruta
222 2845 328 2912 verba
344 2844 458 2923 refert,
478 2845 674 2934 dominique
691 2848 849 2938 coarguit
864 2869 978 2915 aures.
