2490 4208
110 187 175 281 146
345 189 417 257 The
450 188 610 277 Worship
630 189 681 273 of
691 186 933 277 AEsculaplus.
1012 204 1160 278 [Musa.

107 386 290 454 concilium
309 384 500 472 Graiosque
517 395 631 471 patres
648 384 778 462 adiere,
795 385 997 473 darentque,
1109 402 1161 471 645

106 516 260 568 oravere,
281 494 397 568 deum,
416 493 474 578 qui
490 513 655 577 praesens
671 493 792 563 funera
808 492 922 580 gentis

105 601 201 665 finiat
216 598 417 665 Ausoniae:
444 610 554 663 certas
571 599 618 663 ita
633 598 748 664 dicere
764 611 885 665 sortes.

150 706 303 772 Dissidet
319 716 352 773 et
367 705 477 770 variat
493 705 681 780 sententia3
706 726 856 793 parsque
872 705 1076 794 negandum

105 835 175 879 non
190 823 285 900 putat
302 813 490 887 auxilium3
517 812 613 890 multi
629 806 788 889 retinere,
807 833 975 901 suamque

105 940 175 982 non
192 917 343 984 emittere
360 938 474 1002 opem,
494 936 560 982 nec
574 915 718 987 numina
734 915 868 983 tradere
884 915 1045 993 suadent,
1110 931 1165 1003 650

105 1026 187 1090 dum
203 1024 370 1101 dubitant,
389 1044 503 1090 seram
519 1023 683 1108 pepulere
698 1023 903 1108 crepuscula
917 1023 1047 1099 lucem,

103 1132 292 1218 umbraque
308 1131 439 1198 telluris
455 1130 615 1195 tenebras
630 1128 814 1206 induxerat
828 1128 925 1196 orbis

103 1258 183 1302 cum
199 1240 283 1304 deus
298 1238 335 1303 in
351 1237 480 1304 somnis
497 1235 607 1325 opifer
623 1235 808 1301 consistere
823 1234 919 1313 visus

85 1353 181 1409 ante
197 1356 305 1421 tuum,
325 1345 499 1419 Romane,
518 1353 642 1417 torum,
661 1342 723 1408 sed
739 1342 851 1429 qualis
868 1343 904 1409 in
920 1341 1009 1413 aede

102 1470 179 1515 esse
195 1452 292 1527 solet,
309 1451 540 1536 baculumque
557 1459 678 1514 tenens
695 1460 831 1536 agreste
848 1449 997 1526 sinistra,
1106 1464 1161 1536 655

102 1556 290 1622 caesariem
306 1558 432 1644 longae
449 1556 571 1622 dextra
588 1555 759 1621 deducere
776 1556 919 1634 barbae,

101 1673 135 1727 et
151 1663 286 1747 placido
302 1664 387 1727 tales
403 1661 556 1727 emittere
573 1671 711 1748 pectore
727 1683 852 1729 voees:

148 1768 268 1835 ‘Pone
292 1780 401 1834 metus
413 1791 422 1844 3
455 1767 607 1848 veniam,
633 1767 888 1857 simulacraque
910 1779 1027 1837 nostra
1050 1768 1162 1837 relin-

235 1896 360 1962 quam:

99 1982 192 2047 hunc
209 1983 309 2048 modo
326 1993 533 2069 serpentem,
551 1983 715 2048 baculum
731 1983 789 2070 qui
805 1984 953 2050 nexibus
969 1980 1094 2057 ambit,

98 2089 268 2173 perspice,
286 2099 320 2154 et
335 2110 444 2176 usque
460 2100 540 2168 nota
556 2089 645 2165 visu,
664 2101 702 2153 ut
715 2109 929 2177 cognoscere
945 2087 1079 2174 possim
1103 2103 1162 2160 660

97 2205 210 2258 vertar
226 2193 261 2258 in
279 2196 392 2270 hunc3
418 2195 479 2260 sed
497 2195 606 2282 major
622 2215 693 2270 ero,
713 2206 895 2282 tantusque
910 2194 1070 2270 videbor,

96 2298 133 2363 in
150 2312 315 2386 quantum
332 2302 457 2366 debent
473 2299 635 2367 caelestia
652 2321 798 2385 corpora
814 2301 925 2366 verti?

97 2408 271 2492 externplo
287 2429 366 2472 cum
382 2428 466 2472 voce
483 2406 581 2482 deus,
601 2427 680 2471 curn
696 2426 782 2471 voce
798 2406 933 2494 deoque

98 2533 237 2579 somnus
254 2514 335 2589 abit,
354 2514 532 2600 somnique
549 2513 669 2600 fugam
686 2512 748 2577 lux
765 2512 857 2581 alma
870 2524 990 2580 secuta
1006 2524 1073 2583 est.

79 2620 82 2625 ’
142 2618 283 2684 Postera
300 2620 451 2684 sidereos
469 2618 606 2685 Aurora
625 2620 806 2709 fugaverat
821 2622 943 2712 ignes3
1102 2642 1158 2715 ως

95 2723 215 2789 incerti
231 2724 314 2812 quid
331 2735 449 2812 agant,
468 2746 627 2811 proceres
645 2727 689 2793 ad
706 2730 836 2816 templa
852 2730 946 2816 petiti

97 2831 303 2895 conveniunt
318 2852 463 2917 operosa
479 2832 548 2911 dei,
567 2853 704 2921 quaque
720 2835 796 2920 ipse
811 2837 938 2903 moturi

95 2937 177 3001 sede
192 2937 285 3013 velit,
304 2937 413 3024 signis
429 2938 634 3020 caelestibus
651 2941 791 3018 indicet,
809 2953 922 3009 orant.

93 3042 153 3107 vix
168 3043 257 3108 bene
273 3043 457 3119 desierant,
478 3065 557 3110 cum
574 3048 685 3115 cristis
703 3070 828 3117 aureus
843 3051 922 3118 altis

92 3148 129 3211 in
146 3159 303 3234 serpente
319 3150 404 3215 deus
421 3154 625 3235 praenuntia
641 3155 741 3220 sibila
758 3155 862 3232 misit,
1097 3180 1157 3247 ⁶70

94 3255 310 3342 adventuque
326 3277 387 3322 suo
405 3259 612 3346 signumque
629 3281 776 3347 arasque
792 3262 952 3350 foresque

94 3381 390 3452 marmoreumque
409 3367 519 3431 solum
538 3366 745 3453 fastigiaque
762 3388 867 3433 aurea
884 3369 1003 3448 movit,

91 3467 352 3556 pectoribusque
370 3482 469 3539 tenus
487 3472 600 3539 media
616 3472 772 3537 sublimis
787 3473 823 3537 in
838 3475 926 3540 aede

92 3573 250 3650 constitit,
270 3588 372 3663 atque
390 3578 508 3644 oculos
525 3577 730 3644 circumtulit
746 3578 828 3666 igne
845 3579 1025 3659 micantes.

135 3680 271 3748 Territa
288 3685 388 3750 turba
405 3696 526 3769 pavet:
550 3684 713 3771 cognouit
728 3684 870 3749 numina
886 3697 1000 3752 castos
1093 3709 1150 3781 ⁶75

89 3788 244 3855 evinctus
262 3791 344 3855 vitta
361 3790 472 3855 crines
488 3791 625 3857 albente
640 3791 815 3865 sacerdos,

69 3906 106 3957 et
126 3896 252 3963 ‘Deus
269 3896 339 3965 enl
364 3897 454 3966 deus
470 3896 540 3967 enl
559 3895 691 3977 animis
700 3895 900 3985 linguisque
909 3896 1040 3979 turm,
