2490 4208
104 185 194 287 Ι180
502 189 652 257 Skorter
674 188 810 255 Poenas..
1040 203 1187 275 [Tnsnr.

124 381 173 449 At
188 384 272 450 mihi
285 385 358 474 jam
375 407 481 472 puero
497 385 659 451 caelestia
675 404 775 449 sacra
791 382 989 468 placebant,

170 489 278 576 Inque
294 514 395 556 suum
411 493 526 556 furtim
543 491 647 556 Musa
664 490 823 555 trahebat
838 509 937 572 opus.
1149 524 1181 562 20

125 594 239 681 Saepe
255 608 352 682 pater
367 598 454 662 dixit
471 608 480 638 ‘
497 596 657 662 Studium
674 595 756 681 quid
772 594 892 659 inutile
907 594 1084 682 temptas?

169 701 373 779 Maeonides
390 704 502 767 nullas
519 704 592 787 ipse
609 701 746 786 reliquit
762 701 871 785 opes.’

124 806 241 873 Motus
257 828 352 873 eram
369 809 481 884 dictis,
498 818 636 894 totoque
654 805 826 872 Helicone
843 807 966 874 relicto

169 912 328 978 Scribere
346 914 496 978 conabar
510 914 617 977 verba
633 913 743 977 soluta
761 913 884 980 modis.

23 1064 34 1081 .
124 1017 255 1104 Sponte
271 1040 334 1085 sua
351 1041 490 1084 carmen
506 1040 667 1083 numeros
685 1019 846 1086 veniebat
863 1021 908 1087 ad
926 1031 1040 1108 aptota,
1151 1052 1182 1110 25

167 1119 212 1184 Et
227 1121 319 1206 quod
335 1122 543 1205 temptabam
560 1119 687 1196 dicere,
709 1144 829 1188 versus
846 1134 935 1190 erat„

124 1225 259 1293 Interea
274 1226 376 1293 tacito
392 1247 498 1312 passu
513 1226 708 1293 labentibus
725 1231 825 1296 annis

97 1378 100 1385 -
168 1331 327 1397 Liberior
343 1331 436 1396 fratri
454 1343 589 1416 sumpta
607 1334 759 1421 mihique
776 1347 858 1425 toga
875 1347 939 1413 est,

124 1438 347 1525 Induiturque
364 1437 515 1504 humeris
531 1459 611 1503 cum
628 1441 696 1505 lato
713 1464 864 1528 purpura
881 1444 992 1520 clavo,

168 1545 213 1611 Et
228 1544 378 1610 studium
394 1543 496 1610 nobis.
508 1546 602 1631 quod
616 1547 678 1612 fuit
695 1559 785 1624 ante,
805 1560 932 1614 manet.
1150 1583 1183 1637 30

119 1651 267 1741 Jamque
284 1652 404 1716 decem
421 1649 512 1716 vitae
528 1651 632 1717 srater
650 1655 887 1740 geminaverat
903 1676 1025 1734 annos,

167 1757 258 1824 Cum
276 1756 374 1842 perit,
394 1767 427 1821 et
444 1759 540 1842 coepi
558 1770 653 1843 parte
671 1781 788 1826 carere
807 1760 885 1825 mei.

123 1863 290 1951 Cepimus
306 1875 340 1930 et
355 1875 493 1933 tenerae
509 1865 638 1950 primos
655 1867 777 1933 aetatis
790 1868 951 1944 honores,

170 1972 292 2059 Deque
308 1971 389 2036 viris
406 1973 579 2058 quondam
597 1994 677 2058 pars
693 1973 798 2038 tribus
813 1994 883 2038 una
898 1973 960 2038 sui.

123 2077 232 2148 Curia
247 2080 418 2154 restabat3
442 2079 532 2143 clavi
549 2100 710 2145 mensura
726 2090 843 2145 coacta
859 2090 932 2146 est:
1149 2115 1181 2170 35

169 2186 286 2274 Majus
303 2197 376 2251 erat
391 2185 514 2255 nostris
529 2185 657 2251 viribus
673 2186 757 2249 illud
773 2206 872 2252 onus.

124 2291 202 2358 Nec
217 2292 351 2378 patiens
367 2313 505 2377 corpus,
524 2312 590 2358 nec
606 2313 702 2356 mens
719 2291 781 2357 suit
798 2303 877 2377 apta
893 2291 1017 2370 labori,

172 2398 415 2485 Sollicitaeque
431 2397 540 2484 fugax
556 2397 748 2462 ambitionis
765 2418 871 2463 eram.

124 2504 169 2577 Et
184 2516 301 2591 petere
317 2503 453 2571 Aoniae
470 2503 659 2568 suadebant
675 2513 746 2569 tuta
762 2523 895 2569 sorores

170 2610 263 2688 Otia,
277 2611 408 2700 judicio
426 2631 561 2695 semper
578 2620 691 2673 amata
709 2630 796 2674 meo.

124 2717 308 2803 Temporis
324 2718 416 2783 illius
432 2717 523 2783 colui
539 2715 674 2801 fovique
691 2719 822 2799 poetas,

172 2824 334 2912 Qiotque
344 2826 494 2915 ,aderant
509 2833 618 2896 vates,
635 2821 735 2885 rebar
751 2821 872 2887 adesse
888 2822 984 2889 deos.

125 2931 240 3018 Saepe
257 2953 338 3005 suas
357 2929 518 2997 Volucres
527 2926 612 3015 legit
629 2926 712 2990 mihi
728 2928 893 3015 grandior
908 2946 1007 3004 aevo,

172 3037 343 3126 Qraeque
358 3049 457 3103 necet
473 3056 628 3120 serpens,
647 3053 735 3119 quae
749 3032 845 3119 juvet
862 3034 982 3110 herba,
1001 3034 1142 3103 Macer.

125 3144 240 3231 Saepe
257 3167 336 3210 suos
353 3144 470 3209 solitus
486 3143 629 3207 recitare
646 3139 842 3225 Propertius
859 3140 971 3227 ignes,
1146 3174 1181 3231 45

165 3253 250 3340 Jure
266 3250 430 3317 sodalicio
446 3249 504 3335 qui
522 3248 604 3312 mihi
617 3247 755 3334 junctus
773 3256 858 3311 erat.
898 3303 905 3315 .

125 3358 288 3449 Ponticus
305 3359 422 3432 herod3
441 3355 570 3421 Bassus
586 3377 723 3442 quoque
741 3356 855 3421 clarus
872 3352 996 3423 iambis

172 3464 296 3529 Dulcia
313 3462 488 3527 convictus
506 3463 658 3526 membra
676 3462 772 3527 suere
789 3464 869 3529 mei.

125 3570 170 3639 Et
184 3570 291 3635 tenuit
306 3579 439 3635 nostras
455 3587 658 3632 numerosus
677 3567 838 3635 Horatius
855 3591 969 3647 aureS,

171 3677 262 3741 Dum
280 3675 356 3739 serit
371 3672 527 3738 Ausonia
544 3672 698 3737 carmina
715 3675 804 3739 culta
821 3676 911 3762 lyra.
1152 3712 1185 3767 50

124 3782 310 3871 Virgilium
326 3778 395 3844 vidi
412 3788 563 3860 tanturm
588 3798 653 3841 nee
669 3799 787 3843 amara
803 3781 944 3849 Tibullo

160 3889 321 3979 Tempus
339 3883 516 3954 amicitiae
531 3883 604 3949 iata
619 3882 748 3949 dedere
759 3906 875 3949 meae.
