2490 4208
92 199 271 272 X111.27a]
431 181 570 248 Battles
593 181 713 264 before
743 179 847 267 Troy.
960 154 962 158 Ι
1083 195 1145 267 125

91 378 273 453 interim03
299 399 367 442 non
385 389 464 443 ante
480 389 608 454 tamen,
627 400 731 464 quam
749 388 871 443 cuncta
888 377 988 465 coegi
1096 407 1146 465 245

93 485 253 569 prodere,
272 495 306 549 et
322 484 460 561 edidici,
479 484 560 570 quid
577 485 709 570 perlida
725 484 832 571 Troja
849 496 997 569 pararet.

93 591 211 656 omnia
228 612 429 680 cognoram,
449 613 513 656 nec
528 592 621 677 quod
638 591 835 676 specularer
851 593 1045 667 habebam;

94 698 213 786 etjam
229 700 397 785 promissa
414 710 568 784 poteram
584 718 663 763 cum
680 699 783 762 laude
798 698 942 763 reverti:
1061 693 1064 699 ’

94 805 189 870 haud
206 817 383 871 contentus
400 826 453 880 eo,
474 804 555 889 petii
571 805 714 869 tentoria
731 804 855 880 Rhesi,

94 910 198 999 inque
215 912 285 978 suis
300 912 412 997 ipsum
429 910 549 976 castris
566 911 775 997 comitesque
791 910 943 997 peremi=
1094 941 1147 997 250

95 1031 196 1104 atque
213 1018 259 1083 ita
275 1017 412 1104 captivo
428 1018 536 1083 victor
552 1018 706 1103 votisque
723 1017 848 1103 potitus

93 1123 269 1212 ingredior
285 1135 391 1189 curru'
403 1125 510 1190 laetos
526 1124 679 1188 imitante
694 1124 899 1209 triumphos.

95 1231 193 1319 cujus
210 1252 315 1317 equos
331 1230 478 1316 pretium
495 1254 557 1317 pro
573 1244 672 1295 nocte
689 1222 893 1317 poposcerat
909 1231 1029 1309 hostis,

82 1359 190 1401 <arma
208 1349 332 1424 negate
350 1337 447 1413 mihi,
465 1337 634 1425 fueritque
650 1337 833 1426 benignior
849 1337 964 1426 Ajaxl

140 1454 149 1484 ⁶
167 1443 262 1526 Quid
278 1443 379 1531 Lycii
397 1444 543 1509 referam
561 1444 773 1530 Sarpedonis
791 1446 932 1532 agmina
948 1446 1039 1512 ferro
1092 1476 1142 1533 255

94 1550 270 1615 devastata
287 1548 385 1615 meo?
410 1571 488 1615 curn
505 1552 612 1615 multo
629 1551 798 1638 sanguine
816 1552 888 1616 fudi

94 1655 277 1722 Coeranon
294 1657 466 1742 Iphitiden
483 1666 516 1722 et
530 1657 760 1744 Alastoraque
776 1656 1049 1745 Chromiumque

93 1763 376 1850 Alcandrumque
395 1763 605 1850 Haliumque
626 1764 877 1851 Noemonaque
895 1765 1142 1852 Prytaninque,

93 1871 265 1956 exitioque
283 1871 361 1935 dedi
378 1892 457 1935 cum
474 1870 761 1936 Chersidamante
777 1870 939 1947 Thobna,

93 1990 125 2042 et
142 1976 353 2062 Charopem,
372 1977 516 2062 fatisque
533 1977 719 2041 immitibus
737 1976 919 2041 Ennomon
938 1988 1065 2054 actum,
1092 1993 1145 2047 260

93 2083 218 2170 quique
236 2083 348 2148 minus
366 2084 518 2148 celebres
535 2094 650 2148 nostra
667 2083 730 2148 sub
748 2083 928 2147 moenibus
943 2084 1039 2148 urbis

93 2189 306 2275 procubuere
323 2209 439 2253 manu.
489 2188 578 2255 Sunt
595 2189 727 2253 etmihi
744 2190 900 2263 vulnera,
919 2189 1025 2264 civeS,

92 2297 167 2381 ipso
184 2295 330 2380 pulchra
346 2296 443 2361 loco:
468 2316 533 2360 nec
548 2296 646 2360 vanis
664 2295 791 2361 credite
808 2295 933 2360 verbis.

94 2401 235 2487 aspicite
252 2424 294 2466 en
308 2399 336 2464 l’
351 2414 550 2488 vestemque
566 2423 670 2465 manu
688 2401 823 2467 diduxit
833 2423 842 2476 ;
870 2414 904 2466 et
921 2413 930 2443 ‘
948 2401 1048 2467 Haec
1065 2413 1144 2468 sunt

93 2520 232 2594 pectora
248 2509 401 2593 semper’
418 2508 463 2573 ait
481 2508 623 2572 ‘vestris
639 2508 791 2573 exercita
808 2509 922 2574 rebus.
1091 2525 1143 2595 265

93 2625 127 2679 at
143 2614 191 2679 nil
208 2614 374 2700 impendit
388 2636 450 2700 per
465 2625 513 2680 tot
527 2614 752 2680 Telamonius
770 2636 880 2681 annos

93 2721 273 2807 sanguinis
288 2721 323 2784 in
340 2721 463 2796 socios,
482 2731 514 2785 et
531 2721 634 2784 habet
649 2721 723 2785 sine
739 2722 881 2786 vulnere
898 2743 1035 2806 corpus.

138 2837 147 2866 ⁴
165 2826 261 2912 Quid
276 2838 390 2891 tamen
408 2828 473 2891 hoc
489 2826 604 2901 refert,
624 2827 653 2890 si
669 2849 706 2892 se
723 2849 785 2912 pro
802 2830 913 2893 classe
930 2829 1082 2914 Pelasga

93 2954 190 2997 arma
205 2933 322 2998 tulisse
338 2933 440 2998 refert
457 2945 574 2998 contra
590 2935 771 3019 Troasque
783 2934 995 3020 Jovemque?

92 3040 335 3126 confiteorque,
353 3039 448 3105 tulit:
473 3061 585 3127 neque
602 3039 693 3106 eni'm
710 3041 891 3106 benefacta
908 3042 1059 3129 maligne
1090 3071 1141 3125 270
1227 3111 1235 3127 ,

92 3148 281 3212 detractare
297 3168 411 3212 meum
429 3158 500 3222 est⁴3
525 3148 645 3212 sedne
664 3148 859 3212 communia
876 3148 968 3213 solus
991 3204 1001 3217 .

92 3264 247 3339 occupet,
263 3264 364 3339 atque
381 3254 530 3340 aliquem
547 3255 644 3319 vobis
661 3276 797 3340 quoque
814 3255 935 3319 reddat
952 3256 1137 3330 honorem;

92 3358 239 3445 reppulit
254 3356 437 3425 Actorides
455 3361 517 3424 sub
534 3360 687 3448 imagine
704 3372 795 3425 tutus
810 3359 959 3426 Achillis

92 3466 202 3532 Troas
219 3468 263 3530 ab
280 3467 406 3532 arsuris
425 3488 503 3531 curn
522 3467 702 3532 defensore
719 3468 854 3533 carinis.

92 3593 212 3638 ausum
229 3571 331 3638 etiam
350 3573 522 3638 Hectoreo
539 3575 649 3638 solum
666 3595 869 3639 concurrere
887 3573 986 3638 marti
1088 3605 1138 3662 275

91 3700 124 3744 se
141 3690 250 3765 putat,
269 3680 393 3745 oblitus
409 3679 569 3766 regisque
587 3680 782 3766 ducumque
800 3681 948 3767 meique,

90 3807 198 3853 nonus
214 3786 251 3852 in
267 3786 392 3862 officio,
411 3797 444 3851 et
460 3786 632 3869 praelatus
650 3808 791 3851 munere
808 3788 918 3852 sortis.

90 3894 147 3960 sed
163 3904 280 3959 tamen
296 3902 438 3957 eventus
455 3902 602 3973 vestrae,
622 3893 828 3976 fortissime,
844 3915 994 3985 pugnae
