2490 4208
112 188 156 257 82
412 186 484 254 The
511 186 728 276 Calydonr'an
752 186 868 254 Huni.
940 242 943 248 .
1019 203 1169 276 [Marma.

113 407 183 453 non
200 387 298 462 foret,
315 383 351 450 in
366 395 465 472 tergo
480 385 555 451 visa
571 395 623 451 est
639 386 787 451 haesura
803 384 907 470 petito
918 420 965 433 -

112 491 251 580 longius
267 491 313 557 it:
338 504 455 557 auctor
471 491 529 556 teli
546 490 748 578 Pagasaeus
765 491 880 556 l'ason.

115 597 303 674 ‘Phoeb‘e,’
320 598 365 663 ait
380 597 594 685 Ampycides
613 598 664 663 ‘si
680 610 712 662 te
730 598 887 683 coluique
905 597 1063 686 coloque,
1113 630 1171 686 350

113 705 164 771 da⁴
176 703 259 768 mihi
276 705 367 790 quod
382 704 506 789 petitur
523 714 614 769 certo
630 703 830 791 contingere
846 703 914 768 telo
927 703 955 768 1’

113 831 182 897 qua
198 810 317 895 potuit,
333 810 492 895 precibus
508 809 594 875 deus
610 809 742 874 annuit.
791 809 883 875 Ictus
901 812 944 875 ab
961 811 1020 877 illo
1037 821 1100 890 est,

114 917 175 982 sed
192 915 265 980 sine
282 916 437 992 vulnere,
455 936 559 1000 aper:
584 915 711 980 ferrum
729 914 844 980 Diana
860 916 990 981 volanti

114 1022 300 1087 abstulerat
311 1021 429 1109 jaculo
439 1043 449 1095 ;
474 1021 607 1109 lignum
625 1020 698 1086 sine
716 1022 875 1088 acumine
891 1023 998 1088 venit.

159 1129 215 1192 Ira
231 1127 294 1192 feri
311 1139 402 1193 mota
419 1137 481 1203 est,
500 1149 565 1192 nec
581 1127 724 1193 fulmine
740 1128 852 1195 lenius
870 1129 970 1195 arsit:
1115 1161 1168 1218 ³55

114 1234 238 1300 emicat
253 1255 297 1299 ex
314 1234 435 1310 oculis,
453 1233 560 1320 spirat
574 1256 711 1321 quoque
728 1247 867 1322 pectore
882 1237 1036 1302 flamma.

112 1354 216 1430 utque
232 1341 325 1406 volat
341 1341 448 1406 moles
466 1342 612 1431 adducto
630 1342 764 1407 concita
781 1365 901 1421 nervo,

113 1471 192 1515 cum
208 1447 292 1534 petit
307 1458 365 1512 aut
380 1469 509 1524 muros,
528 1459 586 1513 aut
601 1449 723 1534 plenas
740 1449 845 1516 milite
862 1460 985 1527 turres,

111 1556 148 1621 in
160 1556 305 1644 juvenes
323 1566 414 1620 certo
430 1555 481 1621 sic
495 1554 622 1642 impete
637 1557 820 1622 vulnificus
837 1577 896 1622 sus

112 1663 229 1738 fertur,
248 1672 282 1727 et
296 1660 515 1747 Eupalamon
531 1647 791 1752 Pelagonaque,
810 1664 931 1729 dextra
947 1672 1082 1730 tuentes
1113 1681 1167 1750 360

112 1789 254 1846 cornua,
273 1769 465 1854 prosternit.
514 1769 609 1835 Socii
625 1791 770 1856 rapuere
783 1770 960 1858 jacentes3

113 1886 148 1941 at
163 1897 232 1941 non
248 1876 396 1943 letiferos
413 1875 535 1971 effugit
550 1876 756 1942 Enaesimus
770 1877 859 1942 ictus

31 2040 34 2045 .
113 1970 485 2068 Hippocoontet'satnst
508 1983 735 2069 trepidantem
753 1993 787 2049 et
801 1993 899 2072 terga
915 1992 1096 2070 parantem

110 2101 242 2155 vertere
259 2089 392 2155 succiso
407 2090 579 2177 liquerunt
595 2090 722 2176 poplite
739 2090 849 2156 nervi.

111 2194 253 2263 forsitan
269 2196 438 2284 ethlius
455 2196 538 2262 citra
553 2197 707 2285 Trojana
723 2197 868 2283 perisset
1111 2215 1163 2286 365

111 2313 287 2390 tempora:
312 2304 373 2370 sed
389 2315 524 2390 sumpto
540 2304 649 2390 posita
666 2304 849 2369 conamine
866 2303 910 2369 ab
926 2304 1027 2370 hasta

110 2410 243 2476 arboris
258 2409 400 2488 insiluit,
417 2431 506 2498 quae
523 2411 633 2476 stabat
648 2410 818 2496 proxima,
838 2410 957 2487 ramis,

110 2517 348 2605 despexitque,
365 2518 441 2584 loco
457 2527 561 2594 tutus,
579 2538 681 2604 quem
697 2517 833 2604 fugerat
849 2517 995 2582 hostem.

156 2625 325 2691 Dentibus
341 2624 399 2691 ille
415 2624 512 2691 ferox
528 2624 563 2689 in
579 2644 709 2711 querno
725 2623 837 2709 stipite
853 2624 940 2689 tritis

109 2730 264 2798 imminet
280 2732 397 2809 exitio,
414 2731 593 2818 fidensque
608 2729 803 2796 recentibus
820 2729 925 2795 armis
1032 2770 1037 2777 -
1110 2758 1163 2816 370

110 2839 301 2927 Ornytidae
318 2839 437 2926 magni
453 2848 561 2904 rostro
577 2837 688 2902 femur
704 2835 818 2901 hausit
833 2836 981 2902 adunco.

109 2957 145 3012 at
158 2947 304 3034 gemini,
322 2947 476 3012 nondum
493 2943 654 3011 caelestia
669 2942 794 3019 sidera,
813 2942 948 3019 fratres,

109 3055 212 3119 ambo
229 3053 418 3138 conspicui,
436 3052 515 3118 nive
531 3049 786 3116 candidioribus
802 3049 904 3115 ambo

108 3160 332 3225 vectabantur
347 3160 457 3245 equis,
476 3159 579 3224 ambo
595 3157 728 3223 vibrata
744 3175 806 3240 per
821 3175 925 3221 auras

109 3266 285 3331 hastarum
301 3267 447 3331 tremulo
464 3265 662 3352 quatiebant
679 3262 811 3348 spicula
828 3271 934 3326 motu.
1109 3292 1159 3349 375

107 3374 252 3438 vulnera
268 3373 440 3448 fecissent,
459 3372 524 3437 nisi
541 3371 691 3458 saetiger
706 3370 794 3435 inter
810 3388 940 3454 opacas

108 3500 174 3545 nec
185 3479 310 3567 jaculis
325 3479 407 3544 isset
422 3498 487 3543 nec
502 3498 591 3564 equo
607 3478 684 3541 loca
700 3475 832 3561 pervia,
850 3474 968 3540 silvas.
984 3557 988 3565 Ι

153 3585 372 3672 Persequitur
387 3584 572 3659 Telamon,
591 3582 771 3667 studioque
789 3581 948 3646 incautus
965 3579 1070 3645 eundi

108 3713 237 3778 pronus
253 3692 296 3756 ab
314 3690 457 3756 arborea
474 3689 597 3754 cecidit
612 3689 728 3753 radice
745 3698 906 3753 retentus.

107 3798 190 3862 dum
206 3797 297 3862 levat
312 3797 406 3861 hunc
421 3795 558 3870 Peleus,
577 3794 725 3860 celerem
742 3792 910 3880 Tegeaea
925 3793 1090 3883 sagittam
1109 3811 1162 3878 380

83 3900 260 3985 imposuit
272 3925 396 3985 nervo,
416 3902 624 3993 sinuatoque
640 3898 774 3989 expulit
787 3918 885 3965 arcu.
