2490 4208
106 214 152 286 34
393 197 465 265 The
488 197 622 266 Searcb
645 201 693 285 os
711 196 875 264 Cadmus.
1014 206 1161 280 [Meam.

107 393 152 459 ad
169 394 302 459 caelum
321 396 479 471 frontem,
498 395 685 483 mugitibus
702 393 836 479 impulit
853 412 965 456 auras.

108 512 209 586 atque
225 501 271 565 ita
288 501 477 586 respiciens
495 502 636 567 comites
653 522 716 565 sua
732 511 831 587 terga
847 506 1042 584 sequenteS,

107 607 299 692 procubuit,
318 617 504 693 teneraque
521 608 610 672 latus
627 606 797 672 summisit
812 605 848 668 in
866 604 983 668 herba.

152 711 306 778 Cadmus
324 714 395 800 agit
411 725 539 800 grates,
556 713 830 800 peregrinaeque
847 711 967 775 oscula
982 720 1093 775 terrae

107 818 194 906 figit,
213 829 246 883 et
260 819 396 907 ignotos
413 831 544 884 montes
562 840 733 906 agrosque
750 817 887 882 salutat.
1124 847 1158 902 25

108 945 206 990 sacra
219 925 297 1011 Jovi
313 925 463 991 facturus
479 936 572 990 erat:
592 925 689 1015 jubet
704 925 754 989 ire
770 924 954 1001 ministros,

108 1042 142 1096 et
157 1040 272 1116 petere
289 1054 308 1096 e
324 1032 411 1113 vivis
427 1032 586 1097 libandas
602 1030 752 1097 sontibus
768 1016 894 1109 undas,

108 1138 193 1203 silva
210 1149 307 1204 vetus
324 1139 436 1204 stabat
452 1138 548 1203 nulla
563 1138 691 1204 violata
707 1139 831 1215 securi,

107 1254 142 1308 et
157 1265 280 1329 specus
296 1244 331 1308 in
348 1244 474 1320 medio,
492 1244 600 1332 virgis
618 1264 658 1308 ac
674 1245 801 1310 vimine
818 1246 957 1322 densus,

107 1349 260 1416 efficiens
276 1351 441 1416 humilem
458 1350 612 1436 lapidum
629 1352 856 1439 compagibus
873 1372 1003 1429 arcum,
1123 1381 1159 1437 30

107 1456 270 1522 uberibus
287 1456 454 1522 secundus
471 1457 581 1543 aquis,
600 1457 658 1522 ubi
676 1459 832 1547 conditus
850 1471 946 1524 antro

108 1560 255 1628 Martius
272 1563 397 1652 anguis
414 1574 498 1639 erat,
517 1564 627 1629 cristis
643 1564 836 1652 praesignis
852 1577 886 1630 et
901 1586 1006 1631 auro:

108 1668 190 1757 igne
207 1669 334 1735 micant
349 1670 452 1746 oculi,
471 1691 595 1755 corpus
611 1682 718 1736 tumet
732 1693 835 1737 omne
850 1693 997 1748 veneno,

108 1785 244 1863 tresque
260 1776 395 1841 vibrant
410 1776 565 1865 linguae,
583 1778 707 1863 triplici
724 1789 814 1843 stant
830 1778 950 1844 ordine
967 1779 1099 1843 dentes.

60 1868 116 1965 >l
156 1881 272 1966 Quem
287 1895 468 1969 postquam
484 1882 595 1971 Tyria
611 1885 726 1949 lucum
744 1885 787 1950 de
805 1895 907 1973 gente
923 1883 1067 1970 profecti
1124 1914 1157 1972 35

47 2056 50 2061 ,
108 1988 259 2055 infausto
272 1989 415 2077 tetigere
432 1992 557 2078 gradu,
576 1992 795 2078 demissaque
810 1992 846 2056 in
862 1994 974 2058 undas

108 2116 196 2160 urna
212 2095 305 2161 dedit
320 2095 481 2173 sonitum,
499 2098 605 2184 longo
622 2110 725 2183 caput
741 2098 861 2162 extulit
877 2110 973 2164 antro

109 2202 289 2267 caeruleus
305 2222 460 2288 serpens,
479 2204 718 2290 horrendaque
736 2204 834 2269 sibila
850 2204 953 2269 misit.

110 2307 274 2373 effluxere
291 2329 398 2373 urnae
414 2309 586 2387 manibuS,
604 2311 815 2398 sanguisque
831 2310 991 2398 relinquit

109 2434 247 2500 corpus,
266 2426 299 2479 et
315 2415 473 2481 attonitos
488 2417 620 2482 subitus
636 2428 762 2482 tremor
778 2428 924 2502 occupat
939 2428 1043 2483 artus.
1123 2448 1161 2501 40

109 2520 168 2587 ille
183 2521 391 2586 volubilibus
407 2543 609 2608 squamosos
627 2524 773 2588 nexibus
790 2524 890 2589 orbes

109 2638 255 2716 torquet,
274 2640 307 2693 et
323 2629 509 2695 immensos
525 2629 612 2694 saltu
629 2629 784 2694 sinuatur
799 2628 834 2693 in
852 2650 972 2694 arcus:

110 2755 153 2801 ac
169 2737 281 2801 media
298 2739 376 2822 plus
392 2747 488 2822 parte
506 2738 600 2801 leves
615 2748 749 2802 erectus
765 2736 801 2800 iu
818 2757 920 2801 auras

110 2843 255 2928 despicit
269 2865 372 2909 omne
387 2865 524 2918 nemus,
541 2853 703 2929 tantoque
720 2853 771 2908 est
787 2862 944 2928 corpore,
961 2854 1089 2931 quanto

110 2949 139 3015 si
155 2960 261 3014 totum
278 2961 424 3035 spectes,
442 2950 601 3037 geminas
617 2949 675 3036 qui
692 2961 828 3035 separat
843 2948 980 3015 Arctos.

109 3076 176 3121 nec
191 3077 300 3131 mora,
318 3055 524 3133 Phoenicas,
542 3057 614 3122 sive
631 3056 680 3119 illi
697 3057 766 3120 tela
782 3057 962 3141 parabant,

110 3161 182 3227 sive
198 3162 331 3250 sugam,
350 3163 421 3227 sive
437 3164 511 3248 ipse
527 3164 627 3229 timor
643 3163 846 3249 prohibebat
862 3173 1055 3249 utrumque,

110 3280 275 3353 occupat:
301 3270 363 3334 hos
380 3291 508 3346 morsu,
527 3270 641 3358 longis
658 3270 876 3355 amplexibus
891 3269 982 3346 illos,

109 3374 172 3439 hos
190 3385 289 3440 necat
306 3376 409 3439 afflati
425 3376 560 3440 funesta
575 3377 653 3442 tabe
669 3377 805 3441 veneni.

154 3479 299 3545 Fecerat
315 3481 459 3568 exiguas
471 3481 544 3569 jam
561 3483 611 3547 sol
628 3483 812 3549 altissimus
829 3483 989 3548 umbras:

108 3607 198 3674 quae
215 3607 310 3651 mora
326 3587 368 3652 sit
383 3588 498 3664 sociis,
516 3589 657 3654 miratur
672 3588 837 3676 Agenore
854 3602 968 3667 natus,

108 3691 322 3780 vestigatque
339 3693 450 3759 viros:
474 3706 644 3782 tegumen¹
654 3696 786 3782 direpta
803 3697 912 3763 leonis
926 3752 929 3757 .

102 3800 210 3883 pellis
226 3809 311 3875 erat,
329 3800 434 3885 telum
452 3801 643 3885 splendenti
661 3803 783 3867 lancea
800 3804 890 3870 ferro

87 3902 312 3987 ersaculum,
333 3906 474 3996 teloque
491 3907 631 3976 animus
646 3909 871 3997 praestantior
887 3909 994 3977 omui.
