2490 4208
91 171 185 228 XIII.
198 174 272 247 345]
508 160 728 227 Philoctetes.
1081 169 1143 241 127

93 349 260 417 crimina:
283 355 428 435 vidistis,
446 356 622 443 pretioque
637 356 771 445 objecta
787 355 962 442 patebant.

140 456 218 523 Nec
233 458 467 529 Poeantiaden
483 465 575 549 quod
592 464 694 527 habet
709 462 883 528 Vulcania
899 461 1065 540 Lemnos,

94 585 171 630 esse
188 586 266 631 reus
283 569 412 635 merui:
437 569 564 634 factum
582 569 754 634 defendite
770 580 943 644 vestrum3

94 672 314 738 consensistis
330 660 434 740 enim.
483 675 561 740 Nec
578 696 633 739 me
648 674 799 740 suasisse
815 677 967 764 negabo,
1092 706 1123 760 31
1128 705 1143 761 ς

92 789 130 843 ut
146 799 183 843 se
200 778 411 847 subtraheret
424 781 574 867 bellique
591 780 735 867 viaeque
751 781 873 857 labori,

92 895 341 971 temptaretque
357 886 447 953 seros
464 887 581 974 requie
598 886 705 951 lenire
721 887 879 953 dolores:

92 990 219 1077 paruit,
236 1001 270 1057 et
285 992 378 1059 vivit.
427 992 509 1059 Non
526 994 613 1057 haec
629 994 796 1059 sententia
812 1006 944 1060 tantum

92 1099 176 1173 fida,
194 1097 256 1165 sed
272 1107 306 1163 et
320 1098 425 1174 selix;
449 1120 529 1165 cum
547 1098 590 1164 sit
604 1099 699 1176 satis,
718 1121 792 1166 esse
809 1101 962 1167 fidelem.

91 1225 197 1290 quem
213 1204 374 1291 quoniam
392 1215 486 1271 vates
500 1205 651 1271 delenda
663 1207 707 1272 ad
724 1205 896 1295 Pergama
913 1215 1071 1293 poscunt,
1091 1237 1144 1291 320

92 1332 137 1376 ne
154 1311 317 1377 mandate
333 1311 438 1376 mihi:
463 1311 586 1378 melius
602 1312 827 1379 Telamonius
844 1313 918 1390 ibit,

92 1416 298 1504 eloquioque
313 1417 425 1483 virum
442 1417 570 1484 morbis
585 1419 704 1506 iraque
720 1419 888 1485 furentem

92 1524 236 1600 molliet,
253 1534 313 1591 aut
328 1523 443 1612 aliqua
460 1526 625 1610 producet
640 1525 786 1591 callidus
802 1538 886 1592 arte.

93 1643 172 1697 ante
189 1643 279 1699 retro
294 1629 423 1698 Simois
439 1631 534 1708 fluet,
553 1643 586 1697 et
601 1631 675 1697 sine
692 1632 868 1698 frondibus
887 1633 949 1699 lde

93 1738 207 1814 stabit,
226 1749 259 1803 et
275 1737 441 1803 auxilium
458 1738 628 1824 promittet
642 1736 780 1804 Achaia
796 1739 938 1827 Trojae,
1092 1768 1143 1826 323

91 1866 213 1933 quam,
230 1855 388 1911 cessante
405 1866 482 1911 meo
497 1866 561 1930 pro
576 1844 696 1911 vestris
711 1856 850 1930 pectore
867 1847 981 1924 rebus,

93 1951 214 2041 Ajacis
231 1951 344 2017 stolidi
361 1950 494 2017 Danais
510 1951 659 2017 sollertia
675 1952 793 2036 prosit.

95 2060 141 2125 sis
155 2058 237 2125 lioet
251 2057 393 2125 infestus
411 2057 526 2133 sociis,
543 2057 700 2145 regique,
719 2059 885 2145 mihique,

94 2167 180 2231 dure
196 2163 406 2231 Philoctete:
430 2163 511 2230 licet
527 2185 718 2241 exsecrere,
737 2186 922 2252 meumque

95 2273 266 2337 devoveas
281 2271 356 2337 sine
372 2271 441 2337 fine
457 2281 573 2357 caput,
593 2271 778 2357 cupiasque
795 2272 923 2338 dolenti
1093 2303 1146 2356 330

95 2400 150 2445 me
166 2378 227 2443 tibi
243 2379 327 2444 forte
343 2377 431 2453 dari,
450 2387 670 2463 nostrumque
687 2377 823 2443 haurire
841 2398 1019 2454 cruorem3

96 2496 199 2573 utque
214 2484 262 2551 tui
278 2483 375 2559 mihi,
394 2484 444 2549 sic
460 2484 521 2548 fiat
535 2483 594 2548 tibi
610 2482 710 2567 copia
726 2482 852 2556 nostri:

95 2601 127 2657 te
142 2603 259 2656 tamen
275 2589 475 2679 aggrediar,
493 2609 697 2676 mecumque
713 2590 877 2656 reducere
894 2589 1003 2666 nitar3

96 2708 234 2784 tamque
249 2696 316 2762 tuis
330 2695 455 2782 potiar,
473 2695 587 2760 faveat
604 2695 767 2770 Fortuna,
786 2695 932 2783 sagittis,

97 2823 200 2889 quam
217 2820 294 2867 sum
310 2798 500 2875 Dardanio,
517 2820 621 2887 quem
638 2798 727 2884 cepi,
745 2809 823 2863 vate
839 2800 984 2884 potitus3
1093 2830 1145 2886 335

96 2929 200 2995 quam
215 2927 381 2992 responsa
397 2906 500 2973 deum
516 2906 737 2994 Trojanaque
754 2904 823 2970 fata
839 2906 967 2980 retexi3

96 3036 199 3102 quam
215 3012 315 3098 rapui
330 3011 506 3101 Phrygiae
523 3013 662 3100 signum
679 3012 854 3097 penetrale
870 3011 1051 3079 Minervae

97 3120 250 3188 hostibus
265 3140 285 3185 e
300 3119 435 3186 mediis.
483 3118 529 3185 Et
544 3141 581 3185 se
598 3118 681 3183 mihi
698 3129 876 3203 comparat
890 3116 1006 3205 Ajax?

97 3248 221 3313 nempe
238 3226 316 3312 capi
330 3224 472 3314 Troiam
489 3224 717 3310 prohibebant
732 3225 802 3290 sata
818 3224 892 3289 sine
909 3223 987 3289 illis.

139 3333 276 3399 ‘Fortis
291 3332 351 3399 ubi
366 3343 418 3398 est
432 3329 549 3420 Ajax?
573 3330 631 3395 ubi
649 3342 728 3396 sunt
743 3330 896 3419 ingentia
913 3330 1032 3419 magni
1094 3360 1147 3415 34⁰

96 3440 200 3507 verba
216 3436 304 3505 viri?
324 3458 388 3505 cur
403 3437 460 3503 hic
477 3433 620 3501 metuis?
645 3456 706 3500 cur
723 3439 826 3502 audet
842 3436 966 3503 Ulixes

96 3545 142 3613 ire
158 3565 223 3632 per
238 3543 416 3619 excubias,
433 3553 519 3609 etse
534 3541 746 3607 committere
762 3541 875 3608 noeti?

97 3673 225 3741 perque
240 3651 332 3718 feros
347 3671 448 3716 enses
464 3669 533 3713 non
549 3656 681 3712 tantum
697 3648 834 3712 moenia
851 3648 998 3725 Troum,

96 3780 215 3825 verum
229 3757 334 3825 etiam
349 3775 503 3823 summas
520 3773 616 3817 arces
631 3752 771 3829 intrare,
790 3774 921 3841 suaque

96 3863 228 3955 eripere
243 3863 330 3931 aede
346 3862 459 3940 deam,
475 3870 681 3949 raptamque
698 3858 840 3927 adferre
853 3882 918 3949 per
930 3859 1079 3928 hostest
1115 3887 1174 3942 μς
