<?xml version="1.0" encoding="UTF-8"?>
<!DOCTYPE html PUBLIC "-//W3C//DTD XHTML 1.0 Transitional//EN"
    "http://www.w3.org/TR/xhtml1/DTD/xhtml1-transitional.dtd">
<html xmlns="http://www.w3.org/1999/xhtml" xml:lang="en" lang="en">
 <head>
  <title>
</title>
<meta http-equiv="Content-Type" content="text/html;charset=utf-8" />
  <meta name='ocr-system' content='tesseract 3.04.00' />
  <meta name='ocr-capabilities' content='ocr_page ocr_carea ocr_par ocr_line ocrx_word'/>
</head>
<body>
  <div class='ocr_page' id='page_1' title='image "./publiovidiinaso00allegoog_0391.png"; bbox 0 0 2490 4208; ppageno 0'>
   <div class='ocr_carea' id='block_1_1' title="bbox 100 166 1145 263">
    <p class='ocr_par' dir='ltr' id='par_1_1' title="bbox 100 166 1145 263">
     <span class='ocr_line' id='line_1_1' title="bbox 100 166 1145 263; baseline 0.005 -26"><span class='ocrx_word' id='word_1_1' title='bbox 100 168 165 256; x_wconf 82' lang='lat'>176</span> <span class='ocrx_word' id='word_1_2' title='bbox 466 167 617 235; x_wconf 75' lang='lat' dir='ltr'>Storter</span> <span class='ocrx_word' id='word_1_3' title='bbox 638 166 781 234; x_wconf 60' lang='lat' dir='ltr'>Poemsz</span> <span class='ocrx_word' id='word_1_4' title='bbox 994 185 1145 263; x_wconf 73' lang='lat' dir='ltr'>[Tmsns.</span> 
     </span>
    </p>
   </div>
   <div class='ocr_carea' id='block_1_2' title="bbox 88 362 1161 3965">
    <p class='ocr_par' dir='ltr' id='par_1_2' title="bbox 97 362 1138 560">
     <span class='ocr_line' id='line_1_2' title="bbox 97 362 1138 455; baseline -0.002 -22"><span class='ocrx_word' id='word_1_5' title='bbox 97 366 215 443; x_wconf 91' lang='lat' dir='ltr'>Nunc,</span> <span class='ocrx_word' id='word_1_6' title='bbox 234 366 262 433; x_wconf 92' lang='lat' dir='ltr'>si</span> <span class='ocrx_word' id='word_1_7' title='bbox 278 366 364 433; x_wconf 86' lang='lat' dir='ltr'>forte</span> <span class='ocrx_word' id='word_1_8' title='bbox 379 374 476 452; x_wconf 84' lang='lat' dir='ltr'>potes</span> <span class='ocrx_word' id='word_1_9' title='bbox 495 364 574 451; x_wconf 85' lang='lat' dir='ltr'>(sed</span> <span class='ocrx_word' id='word_1_10' title='bbox 590 386 661 431; x_wconf 88' lang='lat' dir='ltr'>non</span> <span class='ocrx_word' id='word_1_11' title='bbox 678 375 786 449; x_wconf 86' lang='lat' dir='ltr'>potes,</span> <span class='ocrx_word' id='word_1_12' title='bbox 801 362 934 450; x_wconf 78' lang='lat' dir='ltr'>optima</span> <span class='ocrx_word' id='word_1_13' title='bbox 948 366 1138 455; x_wconf 83' lang='lat' dir='ltr'>conjunx),</span> 
     </span>
     <span class='ocr_line' id='line_1_3' title="bbox 142 470 808 560; baseline -0.008 -22"><span class='ocrx_word' id='word_1_14' title='bbox 142 473 262 538; x_wconf 89' lang='lat' dir='ltr'><strong>Finitis</strong></span> <span class='ocrx_word' id='word_1_15' title='bbox 279 473 393 560; x_wconf 87' lang='lat' dir='ltr'>gaude</span> <span class='ocrx_word' id='word_1_16' title='bbox 409 483 456 536; x_wconf 91' lang='lat' dir='ltr'>tot</span> <span class='ocrx_word' id='word_1_17' title='bbox 472 471 556 535; x_wconf 91' lang='lat' dir='ltr'>mihi</span> <span class='ocrx_word' id='word_1_18' title='bbox 573 483 679 536; x_wconf 88' lang='lat' dir='ltr'>morte</span> <span class='ocrx_word' id='word_1_19' title='bbox 696 470 808 534; x_wconf 89' lang='lat' dir='ltr'><strong>malis.</strong></span> 
     </span>
    </p>

    <p class='ocr_par' dir='ltr' id='par_1_3' title="bbox 98 575 990 771">
     <span class='ocr_line' id='line_1_4' title="bbox 98 575 990 664; baseline -0.001 -20"><span class='ocrx_word' id='word_1_20' title='bbox 98 577 204 662; x_wconf 73' lang='lat' dir='ltr'>Quod</span> <span class='ocrx_word' id='word_1_21' title='bbox 219 590 329 664; x_wconf 88' lang='lat' dir='ltr'>potes,</span> <span class='ocrx_word' id='word_1_22' title='bbox 347 588 496 644; x_wconf 85' lang='lat' dir='ltr'>extenua</span> <span class='ocrx_word' id='word_1_23' title='bbox 512 577 588 642; x_wconf 86' lang='lat' dir='ltr'>sorti</span> <span class='ocrx_word' id='word_1_24' title='bbox 606 577 698 641; x_wconf 87' lang='lat' dir='ltr'><strong>mala</strong></span> <span class='ocrx_word' id='word_1_25' title='bbox 714 576 818 640; x_wconf 89' lang='lat' dir='ltr'>corde</span> <span class='ocrx_word' id='word_1_26' title='bbox 834 575 990 655; x_wconf 88' lang='lat' dir='ltr'>serendo,</span> 
     </span>
     <span class='ocr_line' id='line_1_5' title="bbox 140 682 980 771; baseline -0.002 -23"><span class='ocrx_word' id='word_1_27' title='bbox 140 683 197 750; x_wconf 88' lang='lat' dir='ltr'>Ad</span> <span class='ocrx_word' id='word_1_28' title='bbox 214 704 302 770; x_wconf 90' lang='lat' dir='ltr'>quae</span> <span class='ocrx_word' id='word_1_29' title='bbox 315 684 522 771; x_wconf 87' lang='lat' dir='ltr'>jampridem</span> <span class='ocrx_word' id='word_1_30' title='bbox 539 704 607 746; x_wconf 90' lang='lat' dir='ltr'>non</span> <span class='ocrx_word' id='word_1_31' title='bbox 624 682 708 746; x_wconf 87' lang='lat' dir='ltr'>rude</span> <span class='ocrx_word' id='word_1_32' title='bbox 725 693 843 766; x_wconf 88' lang='lat' dir='ltr'>pectus</span> <span class='ocrx_word' id='word_1_33' title='bbox 861 683 980 749; x_wconf 82' lang='lat' dir='ltr'>habes.</span> 
     </span>
    </p>

    <p class='ocr_par' dir='ltr' id='par_1_4' title="bbox 94 788 1151 984">
     <span class='ocr_line' id='line_1_6' title="bbox 94 788 1091 876; baseline -0.001 -19"><span class='ocrx_word' id='word_1_34' title='bbox 94 788 210 876; x_wconf 90' lang='lat' dir='ltr'>Atque</span> <span class='ocrx_word' id='word_1_35' title='bbox 226 791 355 857; x_wconf 86' lang='lat' dir='ltr'>utinam</span> <span class='ocrx_word' id='word_1_36' title='bbox 373 799 514 875; x_wconf 87' lang='lat' dir='ltr'>pereant</span> <span class='ocrx_word' id='word_1_37' title='bbox 530 789 666 853; x_wconf 83' lang='lat' dir='ltr'>animae</span> <span class='ocrx_word' id='word_1_38' title='bbox 684 808 762 851; x_wconf 91' lang='lat' dir='ltr'>cum</span> <span class='ocrx_word' id='word_1_39' title='bbox 779 808 920 872; x_wconf 90' lang='lat' dir='ltr'>corpore</span> <span class='ocrx_word' id='word_1_40' title='bbox 937 800 1091 867; x_wconf 87' lang='lat' dir='ltr'>nostrae,</span> 
     </span>
     <span class='ocr_line' id='line_1_7' title="bbox 140 893 1151 984; baseline -0.003 -23"><span class='ocrx_word' id='word_1_41' title='bbox 140 896 361 984; x_wconf 85' lang='lat' dir='ltr'>Effugiatque</span> <span class='ocrx_word' id='word_1_42' title='bbox 379 896 498 961; x_wconf 86' lang='lat' dir='ltr'>avidos</span> <span class='ocrx_word' id='word_1_43' title='bbox 515 915 594 980; x_wconf 84' lang='lat' dir='ltr'>pars</span> <span class='ocrx_word' id='word_1_44' title='bbox 610 893 694 957; x_wconf 90' lang='lat' dir='ltr'><strong>mihi</strong></span> <span class='ocrx_word' id='word_1_45' title='bbox 711 894 805 957; x_wconf 84' lang='lat' dir='ltr'>nulla</span> <span class='ocrx_word' id='word_1_46' title='bbox 821 893 946 981; x_wconf 79' lang='lat' dir='ltr'>rogos!</span> <span class='ocrx_word' id='word_1_47' title='bbox 1116 915 1151 969; x_wconf 79' lang='lat'>60</span> 
     </span>
    </p>

    <p class='ocr_par' dir='ltr' id='par_1_5' title="bbox 94 997 989 1194">
     <span class='ocr_line' id='line_1_8' title="bbox 94 997 989 1069; baseline 0 -3"><span class='ocrx_word' id='word_1_48' title='bbox 94 1000 188 1066; x_wconf 87' lang='lat' dir='ltr'>Nam</span> <span class='ocrx_word' id='word_1_49' title='bbox 206 1003 234 1069; x_wconf 88' lang='lat' dir='ltr'>si</span> <span class='ocrx_word' id='word_1_50' title='bbox 252 1012 358 1069; x_wconf 88' lang='lat' dir='ltr'>morte</span> <span class='ocrx_word' id='word_1_51' title='bbox 375 1022 497 1067; x_wconf 85' lang='lat' dir='ltr'>carens</span> <span class='ocrx_word' id='word_1_52' title='bbox 513 1020 624 1066; x_wconf 85' lang='lat' dir='ltr'>vacua</span> <span class='ocrx_word' id='word_1_53' title='bbox 640 999 733 1065; x_wconf 87' lang='lat' dir='ltr'>volat</span> <span class='ocrx_word' id='word_1_54' title='bbox 748 997 835 1065; x_wconf 85' lang='lat' dir='ltr'>altus</span> <span class='ocrx_word' id='word_1_55' title='bbox 851 1000 888 1063; x_wconf 89' lang='lat' dir='ltr'>in</span> <span class='ocrx_word' id='word_1_56' title='bbox 904 1020 989 1066; x_wconf 87' lang='lat' dir='ltr'>aura</span> 
     </span>
     <span class='ocr_line' id='line_1_9' title="bbox 140 1105 888 1194; baseline -0.005 -21"><span class='ocrx_word' id='word_1_57' title='bbox 140 1107 298 1194; x_wconf 88' lang='lat' dir='ltr'>Spiritus,</span> <span class='ocrx_word' id='word_1_58' title='bbox 316 1118 350 1172; x_wconf 89' lang='lat' dir='ltr'>et</span> <span class='ocrx_word' id='word_1_59' title='bbox 365 1105 476 1172; x_wconf 85' lang='lat' dir='ltr'>Samii</span> <span class='ocrx_word' id='word_1_60' title='bbox 492 1117 570 1171; x_wconf 90' lang='lat' dir='ltr'>sunt</span> <span class='ocrx_word' id='word_1_61' title='bbox 585 1116 658 1171; x_wconf 83' lang='lat' dir='ltr'>rata</span> <span class='ocrx_word' id='word_1_62' title='bbox 675 1105 766 1170; x_wconf 84' lang='lat' dir='ltr'>dicta</span> <span class='ocrx_word' id='word_1_63' title='bbox 782 1105 888 1181; x_wconf 86' lang='lat' dir='ltr'>senis,</span> 
     </span>
    </p>

    <p class='ocr_par' dir='ltr' id='par_1_6' title="bbox 94 1211 958 1407">
     <span class='ocr_line' id='line_1_10' title="bbox 94 1211 958 1299; baseline 0.001 -21"><span class='ocrx_word' id='word_1_64' title='bbox 94 1212 187 1279; x_wconf 90' lang='lat' dir='ltr'>Inter</span> <span class='ocrx_word' id='word_1_65' title='bbox 203 1212 413 1281; x_wconf 83' lang='lat' dir='ltr'>Sarmaticas</span> <span class='ocrx_word' id='word_1_66' title='bbox 429 1213 591 1278; x_wconf 85' lang='lat' dir='ltr'>Romana</span> <span class='ocrx_word' id='word_1_67' title='bbox 606 1211 788 1299; x_wconf 84' lang='lat' dir='ltr'>vagabitur</span> <span class='ocrx_word' id='word_1_68' title='bbox 804 1213 958 1290; x_wconf 88' lang='lat' dir='ltr'>umbras,</span> 
     </span>
     <span class='ocr_line' id='line_1_11' title="bbox 139 1317 911 1407; baseline -0.004 -23"><span class='ocrx_word' id='word_1_69' title='bbox 139 1318 273 1407; x_wconf 87' lang='lat' dir='ltr'>Perque</span> <span class='ocrx_word' id='word_1_70' title='bbox 290 1321 379 1385; x_wconf 87' lang='lat' dir='ltr'>feros</span> <span class='ocrx_word' id='word_1_71' title='bbox 397 1340 515 1385; x_wconf 87' lang='lat' dir='ltr'>manes</span> <span class='ocrx_word' id='word_1_72' title='bbox 533 1317 667 1402; x_wconf 86' lang='lat' dir='ltr'><strong>hospita</strong></span> <span class='ocrx_word' id='word_1_73' title='bbox 683 1338 820 1403; x_wconf 83' lang='lat' dir='ltr'>semper</span> <span class='ocrx_word' id='word_1_74' title='bbox 835 1318 911 1383; x_wconf 90' lang='lat' dir='ltr'>erit.</span> 
     </span>
    </p>

    <p class='ocr_par' dir='ltr' id='par_1_7' title="bbox 94 1422 1151 1619">
     <span class='ocr_line' id='line_1_12' title="bbox 94 1422 1151 1519; baseline -0.003 -27"><span class='ocrx_word' id='word_1_75' title='bbox 94 1424 185 1492; x_wconf 86' lang='lat' dir='ltr'>Ossa</span> <span class='ocrx_word' id='word_1_76' title='bbox 201 1437 316 1493; x_wconf 81' lang='lat' dir='ltr'>tamen</span> <span class='ocrx_word' id='word_1_77' title='bbox 332 1424 434 1491; x_wconf 79' lang='lat' dir='ltr'>facito</span> <span class='ocrx_word' id='word_1_78' title='bbox 450 1445 556 1510; x_wconf 86' lang='lat' dir='ltr'>parva</span> <span class='ocrx_word' id='word_1_79' title='bbox 575 1422 816 1490; x_wconf 84' lang='lat' dir='ltr'>reseranturin</span> <span class='ocrx_word' id='word_1_80' title='bbox 831 1445 940 1491; x_wconf 70' lang='lat' dir='ltr'>urnae</span> <span class='ocrx_word' id='word_1_81' title='bbox 1115 1447 1151 1519; x_wconf 77' lang='lat'>⁶5</span> 
     </span>
     <span class='ocr_line' id='line_1_13' title="bbox 138 1530 858 1619; baseline -0.003 -22"><span class='ocrx_word' id='word_1_82' title='bbox 138 1530 199 1597; x_wconf 88' lang='lat' dir='ltr'>Sic</span> <span class='ocrx_word' id='word_1_83' title='bbox 214 1553 283 1619; x_wconf 87' lang='lat' dir='ltr'>ego</span> <span class='ocrx_word' id='word_1_84' title='bbox 299 1553 367 1597; x_wconf 92' lang='lat' dir='ltr'>non</span> <span class='ocrx_word' id='word_1_85' title='bbox 384 1530 486 1601; x_wconf 83' lang='lat' dir='ltr'>etiarn</span> <span class='ocrx_word' id='word_1_86' title='bbox 504 1542 656 1597; x_wconf 89' lang='lat' dir='ltr'>mortuus</span> <span class='ocrx_word' id='word_1_87' title='bbox 673 1531 770 1596; x_wconf 89' lang='lat' dir='ltr'>exsul</span> <span class='ocrx_word' id='word_1_88' title='bbox 788 1550 858 1597; x_wconf 86' lang='lat' dir='ltr'>ero.</span> 
     </span>
    </p>

    <p class='ocr_par' dir='ltr' id='par_1_8' title="bbox 93 1636 1151 1831">
     <span class='ocr_line' id='line_1_14' title="bbox 93 1636 1151 1731; baseline 0.009 -27"><span class='ocrx_word' id='word_1_89' title='bbox 93 1637 175 1705; x_wconf 92' lang='lat' dir='ltr'>Non</span> <span class='ocrx_word' id='word_1_90' title='bbox 188 1649 279 1704; x_wconf 90' lang='lat' dir='ltr'>vetat</span> <span class='ocrx_word' id='word_1_91' title='bbox 294 1638 360 1703; x_wconf 88' lang='lat' dir='ltr'>hoc</span> <span class='ocrx_word' id='word_1_92' title='bbox 372 1636 553 1723; x_wconf 87' lang='lat' dir='ltr'>quisquam</span> <span class='ocrx_word' id='word_1_93' title='bbox 566 1658 575 1699; x_wconf 77' lang='lat' dir='ltr'><strong><em>z</em></strong></span> <span class='ocrx_word' id='word_1_94' title='bbox 592 1636 731 1703; x_wconf 82' lang='lat' dir='ltr'>fratrem</span> <span class='ocrx_word' id='word_1_95' title='bbox 744 1636 916 1717; x_wconf 68' lang='lat' dir='ltr'>Thebana</span> <span class='ocrx_word' id='word_1_96' title='bbox 927 1653 1151 1731; x_wconf 85' lang='lat' dir='ltr'>peremptum</span> 
     </span>
     <span class='ocr_line' id='line_1_15' title="bbox 138 1743 848 1831; baseline 0 -22"><span class='ocrx_word' id='word_1_97' title='bbox 138 1743 326 1830; x_wconf 89' lang='lat' dir='ltr'>Subposuit</span> <span class='ocrx_word' id='word_1_98' title='bbox 341 1745 472 1809; x_wconf 89' lang='lat' dir='ltr'>tumulo</span> <span class='ocrx_word' id='word_1_99' title='bbox 485 1764 572 1831; x_wconf 85' lang='lat' dir='ltr'>rege</span> <span class='ocrx_word' id='word_1_100' title='bbox 588 1754 722 1820; x_wconf 78' lang='lat' dir='ltr'>vetante</span> <span class='ocrx_word' id='word_1_101' title='bbox 739 1766 848 1811; x_wconf 89' lang='lat' dir='ltr'>soror.</span> 
     </span>
    </p>

    <p class='ocr_par' dir='ltr' id='par_1_9' title="bbox 91 1848 1151 2051">
     <span class='ocr_line' id='line_1_16' title="bbox 91 1848 952 1937; baseline 0.001 -18"><span class='ocrx_word' id='word_1_102' title='bbox 91 1849 207 1937; x_wconf 79' lang='lat' dir='ltr'>Atque</span> <span class='ocrx_word' id='word_1_103' title='bbox 223 1871 263 1917; x_wconf 80' lang='lat' dir='ltr'>ea</span> <span class='ocrx_word' id='word_1_104' title='bbox 276 1871 359 1917; x_wconf 45' lang='lat' dir='ltr'>*cum</span> <span class='ocrx_word' id='word_1_105' title='bbox 375 1848 465 1917; x_wconf 85' lang='lat' dir='ltr'>soliis</span> <span class='ocrx_word' id='word_1_106' title='bbox 481 1860 515 1923; x_wconf 84' lang='lat' dir='ltr'>et</span> <span class='ocrx_word' id='word_1_107' title='bbox 530 1849 658 1915; x_wconf 89' lang='lat' dir='ltr'><strong>amomi</strong></span> <span class='ocrx_word' id='word_1_108' title='bbox 674 1850 816 1936; x_wconf 83' lang='lat' dir='ltr'>pulvere</span> <span class='ocrx_word' id='word_1_109' title='bbox 832 1851 952 1932; x_wconf 84' lang='lat' dir='ltr'><strong>misce,</strong></span> 
     </span>
     <span class='ocr_line' id='line_1_17' title="bbox 137 1956 1151 2051; baseline 0.003 -28"><span class='ocrx_word' id='word_1_110' title='bbox 137 1956 246 2044; x_wconf 88' lang='lat' dir='ltr'>Inque</span> <span class='ocrx_word' id='word_1_111' title='bbox 261 1957 459 2023; x_wconf 82' lang='lat' dir='ltr'>suburbano</span> <span class='ocrx_word' id='word_1_112' title='bbox 476 1956 613 2023; x_wconf 88' lang='lat' dir='ltr'>condita</span> <span class='ocrx_word' id='word_1_113' title='bbox 630 1978 720 2042; x_wconf 89' lang='lat' dir='ltr'>pone</span> <span class='ocrx_word' id='word_1_114' title='bbox 737 1959 822 2025; x_wconf 87' lang='lat' dir='ltr'>solo.</span> <span class='ocrx_word' id='word_1_115' title='bbox 1116 1995 1151 2051; x_wconf 91' lang='lat'>70</span> 
     </span>
    </p>

    <p class='ocr_par' dir='ltr' id='par_1_10' title="bbox 93 2063 980 2241">
     <span class='ocr_line' id='line_1_18' title="bbox 93 2063 980 2151; baseline 0.006 -23"><span class='ocrx_word' id='word_1_116' title='bbox 93 2063 259 2151; x_wconf 70' lang='lat' dir='ltr'>Quosque</span> <span class='ocrx_word' id='word_1_117' title='bbox 275 2063 369 2151; x_wconf 83' lang='lat' dir='ltr'>legat</span> <span class='ocrx_word' id='word_1_118' title='bbox 384 2084 504 2129; x_wconf 85' lang='lat' dir='ltr'>versus</span> <span class='ocrx_word' id='word_1_119' title='bbox 519 2064 620 2130; x_wconf 89' lang='lat' dir='ltr'>oculo</span> <span class='ocrx_word' id='word_1_120' title='bbox 637 2076 842 2150; x_wconf 81' lang='lat' dir='ltr'>properante</span> <span class='ocrx_word' id='word_1_121' title='bbox 858 2065 980 2147; x_wconf 84' lang='lat' dir='ltr'>viator,</span> 
     </span>
     <span class='ocr_line' id='line_1_19' title="bbox 134 2169 924 2241; baseline 0.004 -7"><span class='ocrx_word' id='word_1_122' title='bbox 134 2169 333 2235; x_wconf 85' lang='lat' dir='ltr'>Grandibus</span> <span class='ocrx_word' id='word_1_123' title='bbox 350 2169 384 2234; x_wconf 95' lang='lat' dir='ltr'>in</span> <span class='ocrx_word' id='word_1_124' title='bbox 401 2169 486 2235; x_wconf 91' lang='lat' dir='ltr'>tituli</span> <span class='ocrx_word' id='word_1_125' title='bbox 505 2188 675 2237; x_wconf 83' lang='lat' dir='ltr'>marmore</span> <span class='ocrx_word' id='word_1_126' title='bbox 690 2172 798 2239; x_wconf 86' lang='lat' dir='ltr'>caede</span> <span class='ocrx_word' id='word_1_127' title='bbox 815 2173 924 2241; x_wconf 81' lang='lat' dir='ltr'>notis:</span> 
     </span>
    </p>

    <p class='ocr_par' dir='ltr' id='par_1_11' title="bbox 91 2294 1056 2451">
     <span class='ocr_line' id='line_1_20' title="bbox 91 2294 1056 2359; baseline 0.011 -18"><span class='ocrx_word' id='word_1_128' title='bbox 91 2295 152 2341; x_wconf 82' lang='lat' dir='ltr'>fflc</span> <span class='ocrx_word' id='word_1_129' title='bbox 174 2295 248 2341; x_wconf 73' lang='lat' dir='ltr'>noo</span> <span class='ocrx_word' id='word_1_130' title='bbox 267 2296 334 2357; x_wconf 73' lang='lat' dir='ltr'>nur</span> <span class='ocrx_word' id='word_1_131' title='bbox 352 2294 468 2359; x_wconf 76' lang='lat' dir='ltr'>Jucuo</span> <span class='ocrx_word' id='word_1_132' title='bbox 491 2295 727 2345; x_wconf 68' lang='lat' dir='ltr'>Turonorum</span> <span class='ocrx_word' id='word_1_133' title='bbox 749 2298 870 2345; x_wconf 76' lang='lat' dir='ltr'>Luson</span> <span class='ocrx_word' id='word_1_134' title='bbox 891 2299 1056 2351; x_wconf 74' lang='lat' dir='ltr'>Auouunt</span> 
     </span>
     <span class='ocr_line' id='line_1_21' title="bbox 135 2374 840 2451; baseline 0.003 -4"><span class='ocrx_word' id='word_1_135' title='bbox 135 2402 288 2449; x_wconf 73' lang='lat' dir='ltr'>mommo</span> <span class='ocrx_word' id='word_1_136' title='bbox 312 2402 413 2449; x_wconf 81' lang='lat' dir='ltr'>PERH</span> <span class='ocrx_word' id='word_1_137' title='bbox 436 2383 540 2450; x_wconf 71' lang='lat' dir='ltr'>ano</span> <span class='ocrx_word' id='word_1_138' title='bbox 565 2403 689 2451; x_wconf 78' lang='lat' dir='ltr'>rourn</span> <span class='ocrx_word' id='word_1_139' title='bbox 712 2404 812 2451; x_wconf 76' lang='lat' dir='ltr'>uuor</span> <span class='ocrx_word' id='word_1_140' title='bbox 837 2374 840 2378; x_wconf 65' lang='grc'>’</span> 
     </span>
    </p>

    <p class='ocr_par' dir='ltr' id='par_1_12' title="bbox 89 2509 1146 2671">
     <span class='ocr_line' id='line_1_22' title="bbox 89 2509 1146 2580; baseline 0.009 -23"><span class='ocrx_word' id='word_1_141' title='bbox 89 2509 140 2557; x_wconf 76' lang='grc' dir='ltr'>Αἰ·</span> <span class='ocrx_word' id='word_1_142' title='bbox 163 2511 238 2557; x_wconf 78' lang='lat' dir='ltr'>Tun</span> <span class='ocrx_word' id='word_1_143' title='bbox 253 2511 325 2576; x_wconf 72' lang='lat' dir='ltr'>Qu</span> <span class='ocrx_word' id='word_1_144' title='bbox 341 2511 495 2559; x_wconf 70' lang='lat' dir='ltr'>Tmsrs</span> <span class='ocrx_word' id='word_1_145' title='bbox 518 2512 569 2559; x_wconf 77' lang='lat' dir='ltr'>uu</span> <span class='ocrx_word' id='word_1_146' title='bbox 593 2513 650 2559; x_wconf 76' lang='lat' dir='ltr'>srr</span> <span class='ocrx_word' id='word_1_147' title='bbox 673 2510 801 2560; x_wconf 74' lang='lat' dir='ltr'>cuuvu</span> <span class='ocrx_word' id='word_1_148' title='bbox 821 2512 989 2580; x_wconf 62' lang='lat' dir='ltr'>musonis</span> <span class='ocrx_word' id='word_1_149' title='bbox 1005 2515 1146 2573; x_wconf 71' lang='lat' dir='ltr'>AMAsr‘r</span> 
     </span>
     <span class='ocr_line' id='line_1_23' title="bbox 134 2590 972 2671; baseline 0.006 -8"><span class='ocrx_word' id='word_1_150' title='bbox 134 2619 272 2665; x_wconf 80' lang='lat' dir='ltr'>nrcnnn</span> <span class='ocrx_word' id='word_1_151' title='bbox 295 2599 458 2667; x_wconf 73' lang='lat' dir='ltr'>anorus</span> <span class='ocrx_word' id='word_1_152' title='bbox 482 2620 677 2669; x_wconf 64' lang='lat' dir='ltr'>Mommsen</span> <span class='ocrx_word' id='word_1_153' title='bbox 700 2619 789 2667; x_wconf 78' lang='lat' dir='ltr'>ossn</span> <span class='ocrx_word' id='word_1_154' title='bbox 811 2590 972 2671; x_wconf 71' lang='lat' dir='ltr'>cussus.</span> 
     </span>
    </p>

    <p class='ocr_par' dir='ltr' id='par_1_13' title="bbox 91 2703 956 2901">
     <span class='ocr_line' id='line_1_24' title="bbox 91 2703 942 2797; baseline 0.007 -28"><span class='ocrx_word' id='word_1_155' title='bbox 91 2703 170 2770; x_wconf 90' lang='lat' dir='ltr'>Hoc</span> <span class='ocrx_word' id='word_1_156' title='bbox 186 2705 267 2771; x_wconf 88' lang='lat' dir='ltr'>satis</span> <span class='ocrx_word' id='word_1_157' title='bbox 283 2705 318 2771; x_wconf 92' lang='lat' dir='ltr'>in</span> <span class='ocrx_word' id='word_1_158' title='bbox 334 2706 430 2773; x_wconf 90' lang='lat' dir='ltr'>titulo</span> <span class='ocrx_word' id='word_1_159' title='bbox 446 2718 519 2783; x_wconf 85' lang='lat' dir='ltr'>est;</span> <span class='ocrx_word' id='word_1_160' title='bbox 542 2707 668 2774; x_wconf 87' lang='lat' dir='ltr'>etenim</span> <span class='ocrx_word' id='word_1_161' title='bbox 685 2708 817 2797; x_wconf 79' lang='lat' dir='ltr'>majora</span> <span class='ocrx_word' id='word_1_162' title='bbox 835 2709 942 2775; x_wconf 89' lang='lat' dir='ltr'><strong>libelli</strong></span> 
     </span>
     <span class='ocr_line' id='line_1_25' title="bbox 134 2810 956 2901; baseline 0.004 -25"><span class='ocrx_word' id='word_1_163' title='bbox 134 2810 179 2876; x_wconf 91' lang='lat' dir='ltr'>Et</span> <span class='ocrx_word' id='word_1_164' title='bbox 195 2811 352 2876; x_wconf 84' lang='lat' dir='ltr'>diuturna</span> <span class='ocrx_word' id='word_1_165' title='bbox 370 2812 481 2901; x_wconf 87' lang='lat' dir='ltr'><strong>magis</strong></span> <span class='ocrx_word' id='word_1_166' title='bbox 497 2824 576 2883; x_wconf 88' lang='lat' dir='ltr'>sunt</span> <span class='ocrx_word' id='word_1_167' title='bbox 592 2814 801 2881; x_wconf 84' lang='lat' dir='ltr'>monimenta</span> <span class='ocrx_word' id='word_1_168' title='bbox 817 2815 915 2892; x_wconf 88' lang='lat' dir='ltr'><strong>mihi,</strong></span> <span class='ocrx_word' id='word_1_169' title='bbox 951 2874 956 2879; x_wconf 90' lang='lat'>.</span> 
     </span>
    </p>

    <p class='ocr_par' dir='ltr' id='par_1_14' title="bbox 90 2914 947 3115">
     <span class='ocr_line' id='line_1_26' title="bbox 90 2914 947 3006; baseline 0.006 -20"><span class='ocrx_word' id='word_1_170' title='bbox 90 2914 191 3001; x_wconf 70' lang='lat' dir='ltr'>Quos.</span> <span class='ocrx_word' id='word_1_171' title='bbox 204 2938 272 3003; x_wconf 87' lang='lat' dir='ltr'>ego</span> <span class='ocrx_word' id='word_1_172' title='bbox 287 2918 435 2995; x_wconf 80' lang='lat' dir='ltr'>confido,</span> <span class='ocrx_word' id='word_1_173' title='bbox 452 2920 609 3006; x_wconf 86' lang='lat' dir='ltr'>quamvis</span> <span class='ocrx_word' id='word_1_174' title='bbox 626 2942 788 2999; x_wconf 85' lang='lat' dir='ltr'>nocuere,</span> <span class='ocrx_word' id='word_1_175' title='bbox 806 2922 947 2991; x_wconf 85' lang='lat' dir='ltr'>daturos</span> 
     </span>
     <span class='ocr_line' id='line_1_27' title="bbox 134 3023 850 3115; baseline 0.01 -27"><span class='ocrx_word' id='word_1_176' title='bbox 134 3023 273 3089; x_wconf 88' lang='lat' dir='ltr'>Nomen</span> <span class='ocrx_word' id='word_1_177' title='bbox 289 3035 323 3089; x_wconf 92' lang='lat' dir='ltr'>et</span> <span class='ocrx_word' id='word_1_178' title='bbox 338 3025 467 3090; x_wconf 88' lang='lat' dir='ltr'>auctori</span> <span class='ocrx_word' id='word_1_179' title='bbox 482 3036 637 3112; x_wconf 85' lang='lat' dir='ltr'>tempora</span> <span class='ocrx_word' id='word_1_180' title='bbox 652 3027 759 3115; x_wconf 82' lang='lat' dir='ltr'>longa</span> <span class='ocrx_word' id='word_1_181' title='bbox 776 3051 850 3095; x_wconf 86' lang='lat' dir='ltr'>suo.</span> 
     </span>
    </p>

    <p class='ocr_par' dir='ltr' id='par_1_15' title="bbox 88 3129 910 3323">
     <span class='ocr_line' id='line_1_28' title="bbox 88 3129 910 3222; baseline 0.009 -27"><span class='ocrx_word' id='word_1_182' title='bbox 88 3129 146 3195; x_wconf 93' lang='lat' dir='ltr'>Tu</span> <span class='ocrx_word' id='word_1_183' title='bbox 162 3142 275 3195; x_wconf 85' lang='lat' dir='ltr'>tamen</span> <span class='ocrx_word' id='word_1_184' title='bbox 293 3131 459 3198; x_wconf 89' lang='lat' dir='ltr'>exstincto</span> <span class='ocrx_word' id='word_1_185' title='bbox 476 3131 595 3197; x_wconf 81' lang='lat' dir='ltr'>feralia</span> <span class='ocrx_word' id='word_1_186' title='bbox 613 3155 756 3200; x_wconf 87' lang='lat' dir='ltr'>munera</span> <span class='ocrx_word' id='word_1_187' title='bbox 772 3157 910 3222; x_wconf 83' lang='lat' dir='ltr'>semper</span> 
     </span>
     <span class='ocr_line' id='line_1_29' title="bbox 135 3236 888 3323; baseline 0.007 -21"><span class='ocrx_word' id='word_1_188' title='bbox 135 3236 257 3323; x_wconf 86' lang='lat' dir='ltr'>Deque</span> <span class='ocrx_word' id='word_1_189' title='bbox 272 3237 339 3302; x_wconf 92' lang='lat' dir='ltr'>tuis</span> <span class='ocrx_word' id='word_1_190' title='bbox 355 3237 505 3303; x_wconf 86' lang='lat' dir='ltr'>lacrimis</span> <span class='ocrx_word' id='word_1_191' title='bbox 523 3239 664 3305; x_wconf 86' lang='lat' dir='ltr'>humida</span> <span class='ocrx_word' id='word_1_192' title='bbox 680 3253 770 3307; x_wconf 87' lang='lat' dir='ltr'>serta</span> <span class='ocrx_word' id='word_1_193' title='bbox 787 3242 888 3309; x_wconf 81' lang='lat' dir='ltr'>dato:</span> 
     </span>
    </p>

    <p class='ocr_par' dir='ltr' id='par_1_16' title="bbox 90 3340 920 3537">
     <span class='ocr_line' id='line_1_30' title="bbox 90 3340 920 3436; baseline 0.012 -30"><span class='ocrx_word' id='word_1_194' title='bbox 90 3340 261 3427; x_wconf 71' lang='lat' dir='ltr'>Quamvis</span> <span class='ocrx_word' id='word_1_195' title='bbox 276 3343 311 3407; x_wconf 94' lang='lat' dir='ltr'>in</span> <span class='ocrx_word' id='word_1_196' title='bbox 329 3344 460 3409; x_wconf 88' lang='lat' dir='ltr'>cineres</span> <span class='ocrx_word' id='word_1_197' title='bbox 478 3364 601 3429; x_wconf 87' lang='lat' dir='ltr'>corpus</span> <span class='ocrx_word' id='word_1_198' title='bbox 619 3348 799 3414; x_wconf 86' lang='lat' dir='ltr'>mutaverit</span> <span class='ocrx_word' id='word_1_199' title='bbox 814 3348 920 3436; x_wconf 83' lang='lat' dir='ltr'>ignis.</span> 
     </span>
     <span class='ocr_line' id='line_1_31' title="bbox 134 3447 836 3537; baseline 0.004 -23"><span class='ocrx_word' id='word_1_200' title='bbox 134 3447 266 3514; x_wconf 88' lang='lat' dir='ltr'>Sentiet</span> <span class='ocrx_word' id='word_1_201' title='bbox 281 3449 433 3514; x_wconf 91' lang='lat' dir='ltr'>officium</span> <span class='ocrx_word' id='word_1_202' title='bbox 449 3461 579 3515; x_wconf 88' lang='lat' dir='ltr'>maesta</span> <span class='ocrx_word' id='word_1_203' title='bbox 597 3451 714 3517; x_wconf 79' lang='lat' dir='ltr'><strong>favilla</strong></span> <span class='ocrx_word' id='word_1_204' title='bbox 731 3453 836 3537; x_wconf 91' lang='lat' dir='ltr'>pium.</span> 
     </span>
    </p>

    <p class='ocr_par' dir='ltr' id='par_1_17' title="bbox 89 3552 1161 3754">
     <span class='ocr_line' id='line_1_32' title="bbox 89 3552 1161 3653; baseline 0.018 -33"><span class='ocrx_word' id='word_1_205' title='bbox 89 3552 249 3621; x_wconf 90' lang='lat' dir='ltr'>Scribere</span> <span class='ocrx_word' id='word_1_206' title='bbox 266 3554 364 3639; x_wconf 88' lang='lat' dir='ltr'>plura</span> <span class='ocrx_word' id='word_1_207' title='bbox 380 3555 473 3631; x_wconf 83' lang='lat' dir='ltr'>libet,</span> <span class='ocrx_word' id='word_1_208' title='bbox 492 3557 552 3622; x_wconf 88' lang='lat' dir='ltr'>sed</span> <span class='ocrx_word' id='word_1_209' title='bbox 569 3579 637 3622; x_wconf 85' lang='lat' dir='ltr'>vox</span> <span class='ocrx_word' id='word_1_210' title='bbox 654 3559 737 3624; x_wconf 93' lang='lat' dir='ltr'><strong>mihi</strong></span> <span class='ocrx_word' id='word_1_211' title='bbox 754 3561 845 3630; x_wconf 78' lang='lat' dir='ltr'>fessa</span> <span class='ocrx_word' id='word_1_212' title='bbox 861 3562 1035 3650; x_wconf 88' lang='lat' dir='ltr'>loquendo</span> <span class='ocrx_word' id='word_1_213' title='bbox 1103 3584 1161 3653; x_wconf 79' lang='lat'>85</span> 
     </span>
     <span class='ocr_line' id='line_1_33' title="bbox 134 3660 846 3754; baseline 0.01 -28"><span class='ocrx_word' id='word_1_214' title='bbox 134 3660 296 3729; x_wconf 89' lang='lat' dir='ltr'>Dictandi</span> <span class='ocrx_word' id='word_1_215' title='bbox 312 3661 402 3727; x_wconf 88' lang='lat' dir='ltr'>vires</span> <span class='ocrx_word' id='word_1_216' title='bbox 417 3661 577 3749; x_wconf 85' lang='lat' dir='ltr'>siccaque</span> <span class='ocrx_word' id='word_1_217' title='bbox 595 3663 713 3752; x_wconf 80' lang='lat' dir='ltr'>lingua</span> <span class='ocrx_word' id='word_1_218' title='bbox 730 3679 846 3754; x_wconf 84' lang='lat' dir='ltr'>negat.</span> 
     </span>
    </p>

    <p class='ocr_par' dir='ltr' id='par_1_18' title="bbox 88 3764 981 3965">
     <span class='ocr_line' id='line_1_34' title="bbox 88 3764 889 3853; baseline 0.014 -22"><span class='ocrx_word' id='word_1_219' title='bbox 88 3764 221 3851; x_wconf 87' lang='lat' dir='ltr'>Accipe</span> <span class='ocrx_word' id='word_1_220' title='bbox 237 3787 398 3853; x_wconf 88' lang='lat' dir='ltr'>supremo</span> <span class='ocrx_word' id='word_1_221' title='bbox 414 3767 542 3833; x_wconf 91' lang='lat' dir='ltr'>dictum</span> <span class='ocrx_word' id='word_1_222' title='bbox 560 3769 642 3837; x_wconf 88' lang='lat' dir='ltr'>mihi</span> <span class='ocrx_word' id='word_1_223' title='bbox 659 3770 799 3839; x_wconf 76' lang='lat' dir='ltr'>forsitan</span> <span class='ocrx_word' id='word_1_224' title='bbox 816 3796 889 3851; x_wconf 87' lang='lat' dir='ltr'>ore,</span> 
     </span>
     <span class='ocr_line' id='line_1_35' title="bbox 127 3870 981 3965; baseline 0.013 -27"><span class='ocrx_word' id='word_1_225' title='bbox 127 3870 247 3955; x_wconf 73' lang='lat' dir='ltr'>Qod,</span> <span class='ocrx_word' id='word_1_226' title='bbox 268 3871 328 3940; x_wconf 89' lang='lat' dir='ltr'>tibi</span> <span class='ocrx_word' id='word_1_227' title='bbox 345 3871 406 3964; x_wconf 90' lang='lat' dir='ltr'>qui</span> <span class='ocrx_word' id='word_1_228' title='bbox 424 3872 536 3954; x_wconf 87' lang='lat' dir='ltr'>mittit,</span> <span class='ocrx_word' id='word_1_229' title='bbox 551 3897 624 3943; x_wconf 86' lang='lat' dir='ltr'>non</span> <span class='ocrx_word' id='word_1_230' title='bbox 635 3876 745 3945; x_wconf 71' lang='lat' dir='ltr'>liniret</span> <span class='ocrx_word' id='word_1_231' title='bbox 754 3877 845 3965; x_wconf 69' lang='lat' dir='ltr'>ipse,</span> <span class='ocrx_word' id='word_1_232' title='bbox 859 3882 981 3949; x_wconf 77' lang='lat' dir='ltr'>vnuul</span> 
     </span>
    </p>
   </div>
   <div class='ocr_carea' id='block_1_3' title="bbox 0 0 1250 4208">
    <p class='ocr_par' dir='ltr' id='par_1_19' title="bbox 0 0 1250 4208">
     <span class='ocr_line' id='line_1_36' title="bbox 0 0 1250 4208; baseline 0 1"><span class='ocrx_word' id='word_1_233' title='bbox 0 0 1250 4208; x_wconf 95' lang='lat' dir='ltr'> </span> 
     </span>
    </p>
   </div>
  </div>
 </body>
</html>
