2490 4208
62 169 242 242 xl11.785.]
344 153 416 220 The
443 153 587 244 Cyclops
609 152 852 243 Polyphemus.
1046 170 1107 237 131

58 350 204 437 pulcher
220 358 256 415 et
268 349 401 416 octonis
415 350 539 417 iterum
553 351 725 418 natalibus
741 349 838 427 actis,

58 458 214 545 signarat
227 456 331 523 dubia
347 467 485 522 teneras
500 457 667 544 lanugine
683 458 805 522 malas.

60 566 153 631 hunc
169 585 249 652 ego,
267 585 323 628 me
341 561 494 650 Cyclops
510 564 605 627 nulla
623 585 701 628 cum
717 565 787 628 fine
802 564 959 650 petebat3
1060 591 1110 648 755
1211 548 1214 553 ³

58 693 138 747 nec,
155 671 184 738 si
200 670 399 758 quaesieris,
419 669 535 734 odium
552 668 731 756 Cyclopis,
750 691 890 735 amorne

58 778 181 845 Acidis
196 778 231 842 in
247 779 345 844 nobis
363 775 464 841 fuerit
480 777 705 861 praesentior,
725 776 850 841 edamt

58 907 123 972 par
138 896 318 973 utrumque
334 886 408 950 fuit.
458 882 547 948 Prol
573 895 701 969 quanta
717 884 866 968 potentia
883 883 982 971 regui

59 1003 123 1069 est,
141 992 260 1058 Venus
278 993 381 1069 alma,
398 989 470 1056 tuil
494 1010 619 1074 nempe
636 989 694 1053 ille
711 989 850 1055 immitis
865 1001 898 1054 et
913 989 997 1075 ipsis

59 1100 250 1165 horrendus
267 1099 374 1176 silvis,
392 1109 425 1165 et
442 1098 535 1163 visus
552 1096 596 1160 ab
615 1095 747 1180 hospite
764 1097 860 1162 nullo
1059 1112 1111 1178 760

59 1207 213 1293 impune,
231 1220 264 1273 et
280 1208 398 1296 magui
415 1228 493 1272 curn
511 1206 564 1270 dis
582 1217 794 1289 contemptor
810 1204 967 1292 Olympi,

58 1313 143 1400 quid
159 1314 201 1379 sit
216 1335 312 1381 amor
328 1314 439 1390 sentit,
457 1313 631 1398 nostrique
649 1311 809 1395 cupidine
826 1314 948 1396 captus

57 1421 179 1496 uritur,
197 1421 319 1487 oblitus
336 1442 498 1507 pecorum
517 1429 759 1503 antrorumque
777 1439 931 1482 suorum.

99 1526 247 1614 Jamque
262 1527 322 1593 tibi
338 1527 480 1601 formae,
496 1526 636 1615 jamque
653 1534 703 1590 est
721 1522 781 1588 tibi
797 1545 879 1588 cura
896 1524 1072 1609 placendi,

52 1632 128 1721 jam
146 1633 273 1721 rigidos
290 1633 397 1720 pectis
413 1634 542 1708 rastris,
561 1631 789 1718 Polypheme,
809 1631 974 1715 capillos3
1059 1647 1110 1716 765

51 1740 128 1828 jam
144 1740 226 1805 libet
241 1741 405 1806 hirsutam
422 1740 480 1806 tibi
498 1740 586 1804 falce
602 1737 755 1803 recidere
773 1737 929 1811 barbam,

55 1855 93 1911 et
108 1857 262 1931 spectare
278 1847 367 1912 seros
383 1848 419 1911 in
435 1857 537 1932 aq'ua,
556 1857 589 1911 et
604 1865 810 1930 componere
826 1845 951 1909 vultus.

56 1953 175 2018 caedis
192 1974 288 2018 amor
303 1952 485 2039 feritasque
501 1952 640 2039 sitisque
656 1952 825 2015 immensa
842 1950 973 2015 cruoris

54 2071 205 2136 cessant,
225 2069 257 2124 et
271 2071 362 2125 tutae
377 2060 585 2146 veniuntque
601 2060 794 2144 abeuntque
812 2057 961 2122 carinae.

53 2165 223 2231 Telemus
238 2166 367 2231 interea
383 2165 535 2231 Siculam
555 2165 686 2230 delatus
705 2165 749 2228 ad
766 2163 917 2238 Aetnen,
1057 2192 1111 2247 770

55 2273 222 2338 Telemus
239 2271 457 2360 Eurymides,
475 2294 577 2359 quem
594 2273 689 2336 nulla
706 2271 872 2337 fefellerat
888 2272 972 2347 ales,

54 2379 242 2445 terribilem
273 2379 512 2467 Polyphemon
549 2380 620 2444 adit
629 2401 639 2454 3
670 2377 851 2443 ‘Lumen'
881 2400 961 2466 que,
996 2378 1108 2465 ‘quod

191 2508 299 2551 unum

56 2592 166 2659 fronte
183 2593 274 2681 geris
290 2592 417 2670 media,
435 2592 544 2679 rapiet
559 2592 638 2659 tibi’
656 2591 741 2658 dixit
757 2593 765 2624 ³
779 2593 928 2660 Ulixes!

57 2700 140 2776 risit,
159 2711 193 2765 et
207 2701 216 2730 ²
228 2699 261 2766 Ο
276 2711 392 2765 vatum
408 2701 639 2778 stolidissime,
658 2701 787 2768 falleris
800 2702 808 2731 '
825 2704 956 2791 inquit:

56 2807 180 2872 ‘altera
193 2806 265 2895 jam
281 2807 417 2892 rapuit!
462 2805 524 2872 Sic
541 2808 665 2872 frustra
680 2831 762 2874 vera
781 2823 977 2878 monentem
1056 2844 1106 2900 775

57 2913 197 3000 spernit,
216 2924 322 2979 etant
339 2914 501 3001 gradiens
518 2915 648 3002 ingenti
668 2917 765 2980 litora
784 2939 888 3002 passu

57 3021 235 3108 degravat,
253 3031 312 3084 aut
327 3008 516 3086 sessus'sub
532 3043 641 3106 opaca
658 3024 836 3088 revertitur
852 3037 960 3090 antra.

98 3126 276 3193 Prominet
289 3127 324 3192 in
340 3138 481 3213 pontum
498 3142 664 3197 cuneatus
680 3134 839 3198 acumine
855 3133 960 3220 longo

56 3234 173 3299 collis:
197 3244 377 3321 utrumque
394 3234 482 3301 latus
503 3238 706 3303 circumfluit
722 3239 880 3326 aequoris
895 3241 1011 3305 unda:

54 3342 122 3405 huc
138 3341 230 3406 serus
247 3344 399 3410 ascendit
417 3345 584 3434 Cyclops,
603 3346 803 3432 mediusque
820 3345 966 3421 resedit;
1055 3363 1106 3430 780

54 3448 232 3536 lanigerae
248 3453 412 3536 pecudes,
431 3455 524 3519 nullo
542 3453 699 3528 ducente,
719 3464 869 3518 secutae.

52 3555 109 3621 cui
124 3568 305 3645 postquam
325 3562 439 3648 pinus,
458 3560 572 3626 baculi
590 3581 679 3647 quae
695 3561 852 3645 praebuit
867 3581 981 3637 usum,

53 3674 132 3728 ante
149 3665 255 3750 pedes
272 3667 383 3754 posita
399 3678 462 3742 est,
482 3666 651 3732 antemnis
668 3676 747 3752 apta
763 3665 926 3739 serendis,

53 3785 258 3861 sumptaque
275 3772 498 3839 arundinibus
515 3783 694 3857 compacta
711 3782 762 3836 est
777 3772 889 3837 fistula
906 3781 1057 3848 centum,

53 3889 234 3949 senserunt
248 3880 307 3945 toti
317 3879 468 3965 pastoria
485 3879 587 3947 sibila
604 3893 755 3961 montes,
1074 3895 1133 3964 qus
