2490 4208
102 168 167 259 164
268 265 273 275 υ
481 118 632 237 Skorter
653 169 789 237 Poems.
949 185 1146 256 [Hunorum.

100 366 267 455 Quisquis
285 367 330 434 ad
345 367 433 453 haec
448 367 547 432 vertit
562 348 782 455 peregrinam
797 366 910 435 littora
925 366 1087 453 puppim,

145 475 209 540 Ille
225 475 309 539 mihi
325 476 367 540 de
384 486 417 539 te
434 475 540 539 multa
556 486 696 562 rogatus
714 474 804 539 abit:
1114 489 1145 543 60

101 580 286 668 Quamque
301 581 362 646 tibi
378 580 510 656 reddat,
529 580 558 645 si
574 591 607 646 te
624 582 727 647 modo
742 581 864 647 viderit
880 602 1044 668 usquam,
1061 624 1070 639 ·

144 689 307 753 Traditur
323 688 403 753 huic
420 687 535 775 digitis
549 689 668 753 charta
685 700 809 754 novata
824 688 921 754 meis

98 795 174 861 Nos
190 795 314 883 Pylon,
332 795 460 881 antiqui
477 793 603 862 Neleia
618 795 775 861 Nestoris
791 817 886 871 arva,

143 902 323 968 Misimus:
348 897 478 966 incerta
494 913 545 967 est
561 903 655 966 fama
671 902 815 967 remissa
829 902 930 989 Pylo.

97 1009 258 1076 Misimus
273 1021 308 1075 et
323 1009 491 1095 Sparten:
516 1008 642 1095 Sparte
656 1031 794 1096 quoque
808 1010 926 1074 nescia
941 1010 1028 1076 veri.
1112 1029 1145 1100 63

144 1115 242 1203 Quas
260 1116 393 1180 habitas
409 1126 530 1192 terras,
546 1126 608 1179 aut
622 1115 679 1180 ubi
697 1117 808 1179 lentus
824 1114 929 1181 abes?

97 1220 223 1289 Utilius
239 1234 367 1288 starent
383 1222 484 1289 etiam
501 1243 594 1287 nuuc
610 1221 746 1287 moenia
763 1221 908 1287 Phoebi.
938 1290 941 1295 Δ

141 1329 275 1395 Irascor
290 1329 376 1395 votis
392 1331 461 1394 heu
476 1329 561 1394 levis
578 1328 655 1414 ipsa
670 1327 776 1394 meisi
848 1338 851 1343 “

96 1435 228 1502 Scirem
245 1437 304 1501 ubi
321 1456 510 1526 pugnares,
529 1448 561 1501 et
576 1446 707 1501 tautum
722 1436 814 1500 bella
829 1435 1000 1513 timerem,

141 1543 185 1608 Et
201 1565 277 1608 mea
295 1565 372 1609 cum
390 1544 503 1608 multis
516 1543 634 1632 juncta
650 1542 792 1629 querela
807 1543 905 1608 foret.
1116 1575 1149 1630 70

96 1648 192 1735 Quid
208 1650 359 1727 timeam,
377 1650 521 1738 ignor03
545 1650 649 1715 timeo
664 1660 779 1714 tamen
795 1649 912 1716 omnia
928 1650 1089 1729 demens,

140 1756 184 1821 Et
199 1769 291 1843 patet
306 1758 341 1822 in
359 1776 458 1823 curas
474 1778 555 1823 area
571 1756 640 1821 iata
652 1775 762 1821 meas.

95 1861 346 1951 Quaecumque
355 1882 485 1951 aequor
494 1862 609 1940 hahet,
619 1882 856 1950 quaecumque
866 1861 1022 1948 pericula
1030 1865 1151 1943 tellus,

138 1969 228 2034 Tam
244 1970 371 2059 longae
386 1992 510 2037 causas
527 1969 681 2054 suspicor
697 1990 771 2036 esse
787 1991 916 2036 morae.

95 2074 195 2142 Haec
212 2099 278 2164 ego
295 2079 377 2144 dum
394 2078 493 2144 stulte
505 2088 636 2154 metuo,
654 2097 743 2164 quae
758 2086 873 2142 vestra
887 2076 995 2142 libido
1011 2089 1079 2155 est,
1118 2107 1152 2165 75

139 2183 226 2249 Esse
242 2185 425 2274 peregrino
441 2196 561 2271 captus
578 2205 695 2250 amore
711 2194 820 2270 potes.

93 2288 252 2355 Forsitan
269 2302 302 2356 et
318 2312 448 2368 narres,
466 2313 572 2379 quam
586 2291 631 2358 sit
645 2292 706 2356 tibi
722 2291 847 2356 rustica
862 2290 1032 2378 conjunx,

140 2396 243 2482 Quae
258 2409 389 2463 tantum
406 2400 504 2464 lanas
520 2418 588 2465 non
605 2399 694 2464 sinat
708 2416 785 2464 esse
800 2399 915 2463 rudes.
1018 2434 1021 2441 ·

93 2502 222 2582 Fallar‚
241 2517 275 2571 et
291 2507 357 2572 hoc
373 2506 504 2572 crimen
520 2518 639 2572 tenues
654 2516 817 2570 vanescat
830 2505 867 2569 in
883 2524 1001 2582 auras,

138 2611 250 2689 Neve,
268 2614 459 2679 revertendi
476 2613 574 2690 liber,
593 2615 713 2679 abesse
729 2609 835 2677 velisl
1117 2636 1153 2689 80

92 2717 154 2784 Me
170 2731 267 2806 pater
283 2721 413 2788 Icarius
429 2722 532 2789 viduo
545 2722 723 2788 discedere
740 2722 827 2787 lecto

138 2825 253 2915 Cogit,
272 2840 305 2894 et
320 2829 506 2896 immensas
522 2829 677 2916 increpat
691 2846 800 2918 usque
816 2848 943 2897 moras.

92 2932 251 3021 increpet
267 2958 375 3024 usque
391 2938 490 3003 lioet:
514 2949 574 3004 tua
590 2960 678 3014 sum,
697 2950 755 3004 tua
770 2937 867 3004 dicar
878 2948 1036 3025 oportet;

137 3040 310 3129 Penelope
324 3044 478 3131 conjunx
494 3064 630 3131 semper
645 3046 760 3112 Ulixis
776 3066 847 3112 ero.

91 3145 156 3211 Ille
172 3159 287 3214 tamen
303 3150 428 3235 pietate
445 3171 521 3216 mea
537 3152 765 3240 precibusque
781 3152 915 3238 pudicis
1113 3178 1147 3246 ες

135 3253 332 3342 Frangitur,
351 3267 383 3321 et
399 3257 487 3323 vires
504 3268 670 3343 temperat
684 3260 758 3345 ipse
774 3283 866 3327 suas.

90 3359 243 3427 Dulichii
260 3362 437 3449 Samiique
453 3375 487 3429 et
501 3387 587 3451 quos
603 3367 678 3431 tulit
695 3369 762 3433 alta
778 3368 991 3456 Zacynthos,

134 3468 253 3532 Turba
269 3480 371 3534 ruunt
386 3470 421 3533 in
439 3491 493 3535 me
510 3471 684 3538 luxuriosa
701 3476 815 3559 proci;

89 3573 199 3659 Inque
215 3585 273 3638 tua
290 3586 448 3661 regnant,
466 3577 568 3641 nullis
586 3580 857 3662 prohibentibus,
878 3584 979 3649 aula:

132 3678 277 3744 Viscera
294 3691 421 3755 nostra,
439 3691 518 3745 tuae
535 3683 765 3751 dilacerantur
780 3710 877 3773 opes.
1109 3729 1145 3782 90

8 3816 12 3825 ·
90 3782 183 3866 Quid
201 3785 260 3850 tibi
277 3785 482 3851 Pisandrum
499 3787 739 3878 Polybumque
756 3793 992 3885 Medontaque
1008 3800 1127 3868 dirum

120 3890 414 3984 Eurymachique
432 3893 554 3964 avidas
570 3893 782 3985 Antinoique
789 3920 918 3966 ananus
