2490 4208
107 159 132 223 1.
153 166 251 242 3524]
369 198 374 205 -
406 149 703 235 Bam'slrcdsrom
726 148 848 217 Rome.
1095 163 1157 235 171

487 441 551 509 IV.
599 442 770 513 Tarsam.

157 599 227 650 Tun
243 597 351 652 Tnttta
370 599 405 669 (“
416 598 631 670 Complaints’')
647 615 694 653 are
705 598 760 652 five
778 596 869 652 books
887 595 921 650 of
935 612 1033 666 poems
1047 599 1157 655 written

103 683 207 754 during
225 686 324 739 Ovid’s
341 685 409 757 long
425 686 615 740 banishment
660 688 746 741 Some
763 684 796 739 of
811 686 887 738 them
905 685 977 739 have
995 687 1077 740 much
1097 686 1156 742 bio·

102 771 245 841 graphical
263 772 387 840 interest,
399 772 457 829 and
475 772 512 827 all
529 790 576 828 are
594 771 644 827 full
661 773 695 826 of
709 772 841 842 personat
852 771 974 843 feeling;
994 773 1155 829 sometimes

103 866 298 925 monotonous‚
312 857 410 927 abiect,
422 859 479 913 and
492 859 632 931 unmanly,
646 875 724 915 more
741 858 818 913 often
837 875 855 912 a
871 860 992 932 genuine
1008 860 1063 913 and
1081 869 1156 915 most

102 943 226 1010 pathetic
252 945 417 1012 expression
441 945 473 999 of
494 946 541 1001 the
566 962 687 1000 sorrows
712 943 745 998 of
768 945 849 1000 exile.
897 944 1084 1018 (Respecting
1107 949 1155 1002 the

102 1045 201 1084 causes
214 1031 271 1084 and
283 1032 500 1086 circumstances
513 1031 547 1086 oi
558 1032 660 1086 ‘Ovid's
673 1031 860 1100 banishment,
874 1048 923 1088 see
934 1034 983 1088 the
996 1033 1078 1103 Life.)

313 1246 345 1292 1.
370 1227 554 1294 Bant‘slzed
562 1231 667 1312 from
691 1227 802 1293 Rome
825 1228 870 1316 (i.
888 1228 942 1316 3).

104 1432 251 1578 CUM
265 1434 356 1502 subit
370 1435 461 1502 illius
475 1435 667 1502 tristissima
684 1436 792 1504 noctis
808 1437 939 1525 imago,

219 1541 301 1627 Qua
318 1542 401 1607 mihi
418 1564 616 1629 supremum
632 1555 767 1629 tempus
783 1540 818 1608 in
834 1544 930 1609 Urbe
947 1542 1022 1619 tuit,

101 1647 191 1715 Cum
207 1661 323 1735 repeto
339 1661 487 1725 noctem,
506 1670 575 1736 qua
590 1660 638 1716 tot
654 1649 736 1714 mihi
753 1670 834 1716 cara
849 1650 984 1736 reliqui,

145 1755 289 1821 Labitur
305 1778 349 1821 ex
365 1756 473 1822 oculis
490 1778 584 1822 nunc
599 1777 733 1844 quoque
752 1767 848 1844 gutta
864 1756 963 1821 meis.

96 1860 174 1948 Jarn
192 1884 298 1948 prnpe
313 1862 375 1927 lux
392 1864 523 1936 aderat,
542 1883 610 1949 qua
627 1884 681 1928 me
697 1863 875 1928 discedere
893 1860 1027 1928 Caesar
1135 1854 1154 1948 ς’

144 1968 287 2034 Finibus
304 1980 478 2034 extremae
491 1970 639 2057 jusserat
654 1967 844 2034 Ausoniae.

100 2074 177 2141 Nec
193 2075 340 2162 spatium
356 2076 480 2151 suerat,
497 2097 563 2140 nec
579 2096 676 2140 mens
691 2075 773 2140 satis
791 2085 870 2160 apta
886 2073 1052 2160 parandi:

143 2181 362 2267 Torpuerant
378 2183 484 2268 longa
499 2193 640 2267 pectora
655 2193 771 2247 nostra
788 2202 896 2246 mora.

100 2286 181 2354 Non
197 2287 281 2352 mihi
297 2308 487 2364 servorum,
506 2288 638 2353 comitis
655 2309 723 2352 non
740 2308 823 2352 cura
839 2286 992 2376 legendi,

143 2393 226 2460 Non
242 2405 342 2481 aptae
358 2394 507 2482 profugo
522 2394 625 2458 vestis
641 2393 759 2479 opisve
775 2392 848 2458 ruit.
1118 2425 1149 2464 10

100 2498 179 2566 Non
196 2501 293 2566 aliter
309 2500 435 2586 stupui,
453 2520 558 2586 quam
574 2500 631 2586 qui
643 2500 739 2586 Jovis
755 2499 894 2588 ignibus
911 2498 997 2564 ictus
1129 2532 1132 2540 ·

141 2604 250 2683 Vivit,
268 2618 300 2672 et
315 2617 366 2672 est
382 2606 471 2671 vitae
488 2606 624 2671 nescius
640 2605 713 2691 ipse
731 2626 825 2671 suae.
1045 2590 1050 2598 ³

100 2710 145 2779 Ut
160 2724 275 2777 tamen
291 2714 382 2778 hanc
400 2711 505 2777 animi
523 2713 649 2777 nubem
665 2712 763 2778 dolor
778 2712 852 2796 ipse
869 2711 1024 2789 removit,

142 2818 186 2884 Et
201 2820 339 2885 tandem
356 2840 478 2886 sensus
496 2819 701 2883 convaluere
720 2819 808 2894 mei3

101 2921 277 3012 Adloquor
291 2937 484 2991 extremum
503 2937 650 2990 maestos
667 2925 818 2991 abiturus
836 2923 978 3001 amicos,
1119 2955 1148 3012 ις

143 3030 214 3120 Qui
232 3033 333 3100 modo
349 3035 392 3099 de
409 3033 523 3098 multis
540 3053 629 3097 unus
644 3043 678 3096 et
694 3032 779 3096 alter
794 3041 902 3095 erant.

102 3133 196 3203 Uxor
212 3127 332 3205 amans
349 3139 487 3204 flentem
502 3139 589 3205 flens
608 3138 720 3203 acrius
736 3137 812 3222 ipsa
827 3137 978 3214 tenebat,

142 3245 258 3311 Imbre
274 3267 335 3331 per
351 3243 511 3333 indignas
526 3268 635 3333 usque
651 3245 797 3311 cadente
813 3264 944 3331 genas;

100 3346 190 3419 Nata
207 3354 326 3438 procul
342 3352 484 3438 Libycis
502 3353 618 3417 aberat
633 3354 770 3418 diversa
787 3351 851 3416 sub
867 3351 948 3427 oris,

140 3459 220 3525 Nec
236 3458 366 3545 poterat
380 3459 441 3523 fati
455 3459 580 3524 certior
594 3480 671 3524 esse
688 3461 767 3525 mei.
912 3474 917 3481 ·
1114 3491 1148 3529 20

98 3564 329 3652 Quacumque
345 3565 529 3650 aspiceres,
547 3565 658 3629 luctus
675 3566 891 3652 gemitusque
909 3565 1089 3640 sonabant,

140 3672 336 3757 Formaque
352 3692 420 3736 non
436 3670 528 3736 taciti
544 3671 675 3735 funeris
691 3671 781 3737 intus
796 3683 882 3738 erat.

90 3771 243 3845 Femina
259 3777 377 3863 virque
394 3797 483 3853 me0‚
502 3776 599 3862 pueri
615 3798 751 3863 quoque
767 3778 887 3843 sunere
904 3791 1080 3855 maerent;

141 3881 251 3968 inque
268 3880 369 3944 domo
383 3879 544 3946 lacrimas
560 3880 715 3971 angulus
730 3881 847 3949 omnis
859 3882 995 3949 babetz
