2490 4208
83 184 126 258 '52
207 250 212 258 ¹
352 172 424 240 Tae
456 170 674 263 Wunderthg
692 176 740 261 of
758 173 874 240 ceres.
987 164 1135 263 [Mum.

83 378 117 433 et
134 374 278 434 matrem
293 379 327 434 et
343 371 496 447 comites,
514 371 577 436 sed
594 382 736 436 matrem
754 369 905 454 saepius,
923 389 983 436 ore

84 474 229 550 clamat3
255 486 288 540 et
302 487 338 541 ut
355 497 489 541 summa
504 488 635 541 vestem
652 476 797 540 laniarat
813 476 858 540 ab
874 496 948 553 ora,

84 581 217 646 collecti
233 580 335 646 flores
350 581 474 647 tunicis
492 582 648 647 cecidere
664 581 827 646 remissis.
897 626 899 630 -

82 697 244 774 tantaque
261 688 460 773 simplicitas
478 689 665 774 puerilibus
684 689 790 752 adfuit
806 687 919 768 annis,
1081 693 1135 773 4'00

18 784 29 805 χ
83 793 170 858 haec
186 815 322 880 quoque
338 794 532 881 virgineum
549 793 653 858 movit
665 794 800 882 jactura
815 794 980 860 dolorem.

128 898 263 983 Raptor
279 900 351 988 agit
367 921 500 976 currus,
518 899 706 965 etnomine
721 920 894 987 quemque
909 910 1049 968 vocatos

83 1006 281 1071 exhortatur
297 1020 415 1092 equos,
434 1026 659 1092 quorumper
675 1006 764 1072 colla
777 1006 948 1094 jubasque
991 1050 993 1055 -
1026 1079 1029 1086 ,

82 1111 209 1177 excutit
225 1102 371 1176 obscura
387 1110 510 1204 tinctas
526 1111 702 1200 ferrugine
719 1112 887 1191 habenas.

81 1238 211 1304 perque
227 1217 323 1282 lacus
341 1219 427 1283 altos
444 1229 477 1282 et
491 1219 619 1283 olentia
637 1219 764 1284 sulfure
782 1219 888 1285 fertur
1080 1250 1133 1308 405
1211 1273 1214 1278 .

81 1333 207 1408 stagna
222 1320 432 1397 Palicorum,
451 1332 551 1406 rupta
568 1321 738 1386 ferventia
749 1332 861 1397 terra3
960 1376 964 1381 .

81 1438 115 1493 et
129 1448 197 1514 qua
215 1425 449 1503 Bacchiadae,
466 1428 589 1492 bimari
607 1449 694 1515 gens
709 1438 783 1492 orta
799 1427 980 1507 Corintho,

80 1532 169 1598 inter
184 1533 383 1620 inaequales
399 1546 585 1620 posuerunt
602 1534 736 1600 moenia
752 1546 882 1622 portus.
990 1614 993 1621 Ι

126 1639 189 1705 Est
205 1640 357 1706 medium
373 1640 515 1727 Cyanes
531 1651 565 1706 et
581 1639 950 1718 PisaeaeiArethusae,
983 1692 986 1697 .
1003 1636 1056 1705 r.‘'.‚=
1072 1680 1092 1703 -.

80 1747 173 1833 quod
190 1747 257 1812 coit
272 1747 428 1834 angustis
445 1746 615 1812 inclusum
632 1744 792 1813 cornibus
809 1768 949 1834 aequor.
1078 1778 1133 1832 410

81 1850 138 1915 hic
154 1850 228 1926 fuit,
247 1872 268 1915 a
284 1850 382 1938 cujus
399 1862 560 1938 stagnum
576 1872 712 1938 quoque
729 1851 867 1915 nomine
884 1850 1010 1916 dictum
1028 1863 1092 1928 est,

80 1956 168 2021 inter
184 1956 353 2022 Sicelidas
370 1955 493 2042 Cyane
510 1957 732 2022 celeberrima
749 1958 931 2043 nymphas.

80 2062 218 2149 gurgite
235 2082 324 2149 quae
335 2063 454 2128 vmedio
470 2084 606 2128 summa
622 2073 720 2127 tenus
737 2061 863 2127 exstitit
879 2064 971 2139 alvo,
999 2104 1002 2109 -
1105 2094 1110 2103 ·

77 2168 287 2255 ,agnovitque
304 2170 427 2234 deam:
453 2167 554 2234 ‘Nec
568 2148 705 2256 lbngius
722 2166 830 2233 ibitis'
844 2167 976 2254 inquit;
1016 2224 1020 2231 .
1049 2164 1053 2169 ’

81 2285 172 2339 ‘non
191 2287 287 2360 potes
303 2275 429 2340 invitae
446 2274 583 2341 Cereris
600 2295 709 2361 gener
724 2295 821 2339 esse:
839 2276 1016 2360 roganda,
1077 2305 1110 2359 41
1115 2306 1131 2362 ς

79 2402 148 2445 non
165 2381 332 2466 rapienda
348 2380 422 2445 suit.
446 2405 449 2411 ·
473 2379 578 2464 Quod
595 2381 623 2445 si
641 2400 847 2465 componere
863 2380 1003 2469 magnis

70 2509 186 2574 parva
203 2487 285 2552 mihi
302 2487 354 2552 fas
370 2496 433 2563 est,
451 2497 484 2551 et
499 2508 554 2551 me
571 2486 689 2551 dilexit
705 2484 859 2571 Anapis=

27 2658 33 2669 ,
79 2606 219 2660 exorata
235 2606 363 2669 tamen,
380 2613 458 2669 nec,
476 2604 515 2657 ut
530 2592 807 2667 haec,-exterrita
824 2591 949 2677 nupsi.’

79 2700 176 2777 dixit,
194 2711 228 2766 et
243 2700 279 2765 in
296 2710 409 2786 partes
425 2699 580 2764 diversas
595 2699 757 2763 bracchia
773 2699 918 2765 tendens
948 2772 951 2779 ,

78 2807 215 2874 obstitit.
266 2806 371 2871 Haud
387 2795 475 2872 ultra
491 2804 599 2870 tenuit
616 2803 797 2871 Saturnius
813 2804 915 2882 iram,
1076 2835 1132 2890 420

77 2913 312 2999 terribilesque
329 2914 481 2978 hortatus
497 2932 603 2998 equos
619 2910 654 2975 in
670 2910 817 2998 gurgitis
833 2911 903 2976 ima

78 3031 267 3084 contortum
284 3018 399 3084 valido
415 3029 587 3104 sceptrum
605 3017 724 3104 regale
739 3018 867 3083 lacerto

77 3126 240 3191 condidit.
289 3124 361 3190 Icta
377 3125 468 3189 viam
486 3126 586 3189 tellus
602 3124 637 3188 in
654 3124 802 3188 Tartara
819 3124 911 3201 fecit,

76 3242 110 3296 et
126 3252 251 3316 pronos
269 3252 387 3295 currus
405 3230 518 3295 medio
534 3242 664 3295 cratere
682 3229 823 3315 recepit.
924 3268 927 3273 -

121 3335 169 3401 At
184 3336 306 3422 Cyane
323 3349 524 3422 raptamque
540 3337 642 3401 deam
659 3347 922 3423 contemptaque
938 3336 1040 3403 sontis
1071 3368 1126 3426 425

71 3442 150 3531 jura
167 3443 218 3509 sui
236 3463 406 3518 maerens,
424 3442 669 3507 inconsolabile
685 3444 810 3507 vulnus

76 3560 189 3614 mente
205 3548 293 3637 gerit
308 3549 423 3623 tacita,
441 3548 659 3635 lacrimisque
676 3550 865 3615 absumitur
879 3549 1014 3623 omnis3

75 3666 108 3720 et
124 3676 268 3742 quarum
285 3655 395 3719 fuerat
412 3675 576 3740 magnum
594 3655 696 3719 modo
712 3676 853 3729 numen,
872 3656 907 3720 in
923 3656 1001 3721 illas

74 3774 278 3831 extenuatur
293 3782 412 3848 aquas.
463 3759 591 3825 Molliri
609 3762 762 3825 membra
777 3761 927 3838 videres,

59 3886 141 3928 ossa
153 3869 235 3951 pati
246 3867 373 3946 flexus,
395 3888 531 3957 ungues
547 3867 702 3956 posuisse
718 3866 891 3957 rigoreme
1040 3932 1044 3939 ,
1072 3901 1127 3955 430
