2490 4208
83 135 174 261 '152
310 172 453 241 'The
475 174 681 263 Apotheosis
704 177 753 261 ιγ’
768 174 901 245 Cosam
1020 194 1154 266 [ΜΙΕΤΜι

106 369 269 458 temporis
288 381 435 437 aetatem
451 381 739 459 venturorumque
755 382 919 457 nepotum
1112 391 1156 459 835

107 477 333 566 prospiciens,
353 478 484 561 prolem
502 489 621 545 sancta
638 478 680 544 de
697 479 845 567 conjuge
861 491 981 545 natam

108 586 196 652 ferre
212 584 313 651 simul
331 604 527 669 nomenque
545 606 644 649 suum
661 578 832 670 curasque
842 583 996 671 jubebit:

107 714 185 768 nec,
203 691 267 757 nisi
285 711 363 755 cum
381 689 496 759 senior
517 687 636 774 Pylios
658 689 856 775 aequaverit
872 711 997 768 annos,

106 797 276 865 aetherias
293 796 392 867 sedes
410 805 628 883 cognataque
645 795 757 861 sidera
773 805 905 882 tanget.

107 906 198 969 hanc
214 904 366 968 animam
383 901 512 967 interea
528 921 631 967 caeso
647 901 691 967 de
708 922 850 986 corpore
867 913 1003 987 raptam
1114 920 1162 985 840

107 1011 162 1075 sac
174 1009 288 1098 jubar,
307 1019 345 1081 ut
359 1027 495 1094 semper
511 1005 684 1091 Capitolia
701 1018 818 1072 nostra
834 1007 1014 1094 forumque

107 1117 206 1182 divus
222 1117 267 1181 ab
282 1117 421 1189 excelsa
440 1124 632 1200 prospectet
643 1112 757 1198 Julius
774 1113 884 1179 aede!

151 1221 223 1287 Vix
239 1243 281 1287 ea
297 1222 386 1287 fatus
402 1232 487 1300 erat,
504 1219 620 1289 media
637 1239 717 1285 cum
732 1219 815 1287 sede
831 1229 971 1285 senatus

105 1327 254 1399 constitit
271 1328 362 1392 alma
377 1326 510 1402 Venus,
527 1324 615 1394 nulli
633 1324 819 1399 cernenda,
837 1324 960 1411 suique

107 1431 268 1505 Caesaris
285 1433 407 1519 eripuit
424 1431 597 1507 membris,
617 1450 681 1495 nec
698 1429 733 1497 in
750 1435 831 1497 aera
845 1430 934 1496 solvi
1113 1450 1165 1519 345

107 1559 209 1625 passa
226 1551 397 1610 recentem
410 1539 566 1607 animam
583 1535 787 1607 caelestibus
803 1535 916 1603 intulit
931 1538 1046 1604 astris.

107 1644 258 1732 dumque
275 1646 359 1722 tulit,
377 1646 493 1715 lumen
509 1664 635 1735 capere
652 1653 752 1728 atque
770 1641 950 1728 ignescere
967 1644 1093 1722 sensit,

105 1751 284 1838 emisitque
300 1751 389 1823 sinu.
438 1750 541 1821 Luna
558 1750 652 1817 volat
667 1747 768 1817 altius
785 1747 859 1824 illa,

104 1856 415 1944 flammiferumque
433 1857 571 1927 trahens
587 1856 737 1942 spatioso
755 1853 862 1921 limite
880 1855 1011 1922 crinem

106 1964 203 2035 stella
220 1963 334 2039 micat,
353 1963 491 2049 natique
507 1962 627 2031 videns
644 1960 824 2031 benefacta
840 1959 966 2029 fatetur
1114 1982 1168 2049 850

105 2089 181 2133 esse
198 2068 267 2134 suis
284 2068 426 2158 majora,
445 2079 479 2134 et
494 2068 585 2137 vinci
603 2068 730 2155 gaudet
748 2068 792 2133 ab
807 2065 877 2133 illo.

106 2175 163 2239 hic
178 2196 240 2240 sua
257 2175 420 2261 praeferri
439 2195 649 2261 quamquam
664 2185 756 2241 vetat
772 2183 848 2240 acta
865 2172 1033 2258 paternis,

60 2340 65 2348 .
105 2280 213 2345 libera
229 2281 321 2345 sama
338 2290 453 2353 tamen
471 2281 640 2366 nullisque
657 2279 805 2347 obnoxia
819 2279 924 2366 jussis

104 2386 246 2452 invitum
263 2387 423 2473 praefert,
441 2408 578 2474 unaque
594 2387 629 2451 in
646 2400 741 2472 parte
759 2396 942 2474 repugnat.

104 2493 154 2558 sic
171 2493 288 2580 magni
305 2494 394 2561 cedit
409 2493 513 2564 titulis
532 2491 807 2580 Agamemnonis
824 2492 972 2569 Atreusr
1113 2516 1166 2586 855

103 2597 227 2686 Aegea
243 2600 293 2665 sic
308 2599 481 2675 Theseus,
500 2598 549 2664 sic
566 2598 672 2670 Pelea
687 2597 793 2667 vincit
809 2597 978 2667 Achilles.

103 2706 264 2792 denique,
283 2717 320 2771 ut
335 2706 503 2793 exemplis
520 2706 613 2791 ipsos
632 2708 857 2793 aequantibus
874 2720 964 2788 utar,

103 2812 153 2877 sic
169 2823 202 2878 et
217 2811 386 2881 Saturnus
404 2812 514 2883 minor
528 2823 582 2883 est
593 2813 693 2899 Jove.
738 2815 897 2901 Juppiter
913 2837 1011 2883 arces

102 2928 269 3003 temperat
284 2919 454 2985 aetherias
473 2929 507 2989 et
522 2919 640 2989 muudi
657 2942 767 3008 regna
784 2921 966 2997 triformis3

102 3034 192 3089 terra
208 3025 271 3089 sub
287 3024 466 3112 Augusto:
491 3038 588 3112 pater
603 3040 655 3095 est
671 3039 704 3094 et
723 3041 833 3101 rector
849 3041 1002 3116 uterque·
1109 3050 1166 3105 860

148 3130 206 3208 Di,
224 3152 358 3218 precor,
376 3130 519 3201 Aeneae
538 3138 692 3213 comites,
711 3137 834 3224 quibus
850 3137 942 3202 ensis
959 3147 992 3202 et
1006 3136 1104 3225 ignis

102 3248 289 3314 cesserunt,
308 3239 410 3327 dique
429 3242 619 3332 Indigetes,
638 3244 840 3331 genitorque
858 3241 1004 3327 Qirine

102 3343 220 3421 Urbis,
238 3357 271 3412 et
287 3346 403 3414 invicti
421 3353 555 3439 genitor
571 3351 723 3419 Gradive
742 3349 894 3436 Quini,

101 3450 276 3541 Vestaque
293 3455 487 3525 Caesareos
504 3458 591 3523 inter
610 3470 743 3522 sacrata
760 3467 915 3543 penates,

102 3569 135 3624 et
151 3581 229 3625 curn
245 3562 421 3633 Caesarea
439 3576 488 3639 tu,
507 3563 649 3629 Phoebe
665 3563 863 3637 domestice,
881 3562 1006 3640 Vesta,
1106 3582 1162 3651 8⁶5

68 3682 72 3689 ·
100 3667 227 3755 quique
244 3682 340 3737 tenes
358 3671 447 3736 altus
462 3670 633 3754 Tarpeias
644 3669 802 3756 Juppiter
818 3689 930 3744 arces,

100 3797 255 3864 quosque
275 3777 359 3843 alios
376 3776 444 3841 vati
461 3776 513 3841 fas
530 3775 705 3861 appellare
721 3774 884 3860 piumque
901 3784 972 3841 est:

87 3884 188 3949 tarde
207 3883 254 3951 sit
266 3883 327 3951 illa
344 3881 421 3952 dies
439 3892 473 3951 et
488 3891 606 3953 nostro
621 3878 728 3949 serior
746 3899 849 3954 aeuo,
