2490 4208
103 175 128 228 1.
147 173 227 245 415·]
393 151 590 219 Deucalion
615 152 690 218 and
709 150 867 238 Pyrrha

102 355 226 441 detque
243 349 307 416 sibi
323 349 474 427 veniam,
493 349 619 435 pavido
635 358 735 436 rogat
750 369 822 424 ore,
842 358 1011 435 pavetque
1071 408 1073 412 Α

102 463 239 527 laedere
252 458 388 547 jactatis
406 469 577 521 maternas
595 456 729 521 ossibus
745 457 898 520 umbras.

101 569 231 634 interea
248 575 404 651 repetunt
423 564 535 630 caecis
550 564 695 628 obscura
712 563 851 627 latebris

101 677 207 742 verba
223 665 322 739 datae
339 671 437 737 sortis
454 691 585 745 secum,
603 669 691 734 inter
707 690 811 755 seque
829 669 993 735 volutant.

101 783 181 848 inde
197 778 455 847 Promethiades
473 777 618 860 placidis
635 775 855 859 Epimethida
872 777 971 841 dictis
1104 807 1156 864 390

103 891 241 964 mulcet,
259 896 292 952 et
308 885 401 950 ‘Aut
418 883 543 948 fallax’
560 883 607 946 ait
624 892 633 922 ⁴
650 893 700 947 est
716 883 866 947 sollertia
884 883 995 959 nobis

103 1007 161 1060 aut
176 995 233 1080 pia
250 1004 339 1068 sunt,
358 993 558 1077 nullumque
576 989 675 1053 nefas
692 990 832 1053 oracula
850 990 1006 1054 suadent.

103 1120 231 1186 magna
248 1118 373 1184 parens
389 1096 498 1159 Terra
517 1103 586 1158 est:
614 1083 746 1177 lapides
763 1093 798 1155 in
815 1114 958 1178 corpore
975 1104 1086 1159 terrae

102 1227 179 1271 ossa
196 1227 272 1270 reor
287 1204 376 1269 dici:
396 1203 513 1292 jacere
531 1203 592 1266 hos
610 1215 686 1286 post
702 1211 800 1287 terga
813 1200 998 1288 jubemur.‘

147 1311 314 1400 Conjugis
331 1309 476 1396 augurio
492 1329 702 1395 quamquam
720 1307 859 1371 Titania
876 1321 967 1373 mota
984 1319 1046 1385 est,
1102 1340 1152 1397 395

102 1441 180 1504 spes
196 1430 311 1483 tamen
327 1419 362 1481 in
379 1417 481 1482 dubio
498 1428 569 1491 est;
597 1416 682 1480 adeo
701 1416 907 1480 caelestibus
924 1417 1025 1480 ambo

101 1526 258 1592 diffidunt
274 1524 407 1589 monitis
420 1546 428 1584 :
442 1560 487 1572 -
499 1524 560 1588 sed
576 1523 659 1608 quid
677 1533 843 1607 temptare
861 1520 1018 1586 nocebit?

101 1633 325 1708 descendunt,
342 1632 525 1717 velantque
543 1642 658 1715 caput,
678 1629 879 1715 tunicasque
897 1630 1090 1717 recingunt,

101 1751 134 1805 et
146 1740 259 1828 jussos
275 1739 406 1824 lapides
423 1759 486 1802 sua
503 1748 578 1823 post
594 1737 739 1823 vestigia
757 1736 902 1801 mittunt.

101 1868 186 1912 saxa
198 1883 243 1894 -
254 1846 330 1932 quis
347 1847 413 1910 hoc
428 1845 558 1919 credat,
576 1844 641 1909 nisi
658 1845 701 1909 sit
717 1866 778 1929 pro
795 1855 878 1909 teste
894 1841 1067 1909 vetustas?
1078 1881 1124 1894 —

101 1974 227 2040 ponere
244 1951 400 2017 duritiem
417 1972 561 2036 coepere
579 1973 748 2038 suumque
766 1952 930 2038 rigorem,

101 2059 292 2145 mollirique
309 2080 417 2132 mora,
437 2058 634 2145 mollitaque
652 2059 778 2123 ducere
796 2060 955 2123 formam.

100 2189 195 2240 mox,
213 2166 271 2230 ubi
288 2175 480 2240 creverunt,
499 2176 689 2251 naturaque
707 2166 819 2230 mitior
835 2166 902 2231 illis

100 2272 253 2360 contigit,
272 2282 309 2336 ut
324 2271 509 2358 quaedam,
528 2271 578 2336 sic
595 2293 664 2335 non
681 2273 875 2349 manifesta,
894 2272 1002 2338 videri

98 2379 210 2445 forma
226 2389 335 2464 potest
351 2378 513 2452 hominis,
531 2379 591 2443 sed
609 2378 657 2442 uti
674 2380 717 2445 de
735 2402 905 2446 marmore
923 2391 1058 2466 coept0‚
1100 2411 1153 2466 405

99 2505 169 2549 non
186 2493 306 2547 exacta
323 2482 418 2557 satis,
437 2482 646 2568 rudibusque
664 2483 837 2548 simillima
854 2485 976 2571 signis.

98 2611 189 2678 quae
204 2600 319 2653 tamen
336 2611 379 2653 ex
396 2589 462 2652 illis
480 2589 594 2675 aliquo
612 2611 691 2674 pars
709 2591 850 2656 humida
868 2613 950 2657 suco

99 2708 133 2762 et
147 2708 282 2762 terrena
299 2695 372 2771 fuit,
390 2717 490 2760 versa
507 2696 608 2760 estin
626 2698 778 2783 corporis
794 2720 916 2763 usum:

99 2805 190 2891 quod
207 2804 354 2868 solidum
371 2814 421 2868 est
437 2802 594 2890 flectique
612 2806 741 2891 nequit,
760 2817 909 2871 mutatur
926 2807 958 2870 in
977 2828 1076 2883 ossa3

98 2931 188 2997 quae
206 2910 306 2975 modo
321 2931 411 2975 vena
427 2909 501 2985 fuit,
520 2912 583 2975 sub
600 2913 721 2977 eodem
738 2905 876 2978 nomine
894 2913 1038 2988 mansit3
1100 2945 1154 2997 410

98 3019 202 3104 inque
218 3015 313 3081 brevi
330 3017 440 3102 spatio
458 3039 660 3103 superorum
677 3019 816 3084 numine
834 3041 920 3084 saxa

100 3125 203 3189 missa
219 3123 283 3187 viri
300 3124 459 3189 manibus
476 3124 601 3189 faciem
618 3137 752 3190 traxere
768 3126 932 3203 virorum,

99 3232 189 3296 etde
207 3230 355 3295 femineo
372 3215 530 3317 reparata
548 3243 599 3296 est
615 3232 743 3296 semina
756 3233 864 3321 jactu.

98 3337 178 3403 inde
195 3358 307 3423 genus
323 3326 583 3403 durum'sumus
600 3340 850 3426 experiensque
866 3342 1036 3417 laborum,

24 3426 29 3436 ⁶
98 3454 132 3509 et
146 3443 354 3509 documenta
370 3446 507 3523 damuS,
524 3466 593 3534 qua
609 3445 717 3512 simus
732 3445 868 3534 origine
885 3447 966 3510 nati.
1099 3479 1150 3534 413
