<?xml version="1.0" encoding="UTF-8"?>
<!DOCTYPE html PUBLIC "-//W3C//DTD XHTML 1.0 Transitional//EN"
    "http://www.w3.org/TR/xhtml1/DTD/xhtml1-transitional.dtd">
<html xmlns="http://www.w3.org/1999/xhtml" xml:lang="en" lang="en">
 <head>
  <title>
</title>
<meta http-equiv="Content-Type" content="text/html;charset=utf-8" />
  <meta name='ocr-system' content='tesseract 3.04.00' />
  <meta name='ocr-capabilities' content='ocr_page ocr_carea ocr_par ocr_line ocrx_word'/>
</head>
<body>
  <div class='ocr_page' id='page_1' title='image "./publiovidiinaso00allegoog_0303.png"; bbox 0 0 2490 4208; ppageno 0'>
   <div class='ocr_carea' id='block_1_1' title="bbox 112 182 1160 274">
    <p class='ocr_par' dir='ltr' id='par_1_1' title="bbox 112 182 1160 274">
     <span class='ocr_line' id='line_1_1' title="bbox 112 182 1160 274; baseline 0.006 -22"><span class='ocrx_word' id='word_1_1' title='bbox 112 205 177 274; x_wconf 84' lang='lat'><strong>134</strong></span> <span class='ocrx_word' id='word_1_2' title='bbox 425 183 497 251; x_wconf 79' lang='lat' dir='ltr'><strong>The</strong></span> <span class='ocrx_word' id='word_1_3' title='bbox 526 182 563 251; x_wconf 89' lang='grc' dir='ltr'><em>Τ</em></span> <span class='ocrx_word' id='word_1_4' title='bbox 556 183 613 249; x_wconf 78' lang='lat' dir='ltr'><strong>ale</strong></span> <span class='ocrx_word' id='word_1_5' title='bbox 635 185 683 269; x_wconf 87' lang='lat' dir='ltr'><strong>of</strong></span> <span class='ocrx_word' id='word_1_6' title='bbox 701 182 863 250; x_wconf 81' lang='lat' dir='ltr'><em>Galatea.</em></span> <span class='ocrx_word' id='word_1_7' title='bbox 1018 201 1160 273; x_wconf 70' lang='lat' dir='ltr'><strong>[Mareu</strong></span> 
     </span>
    </p>
   </div>
   <div class='ocr_carea' id='block_1_2' title="bbox 111 381 1159 1112">
    <p class='ocr_par' dir='ltr' id='par_1_2' title="bbox 111 381 1148 887">
     <span class='ocr_line' id='line_1_2' title="bbox 112 381 1098 470; baseline -0.001 -22"><span class='ocrx_word' id='word_1_8' title='bbox 112 383 213 458; x_wconf 88' lang='lat' dir='ltr'><strong>adde,</strong></span> <span class='ocrx_word' id='word_1_9' title='bbox 232 382 324 469; x_wconf 92' lang='lat' dir='ltr'><strong>quod</strong></span> <span class='ocrx_word' id='word_1_10' title='bbox 341 382 377 446; x_wconf 90' lang='lat' dir='ltr'><strong>in</strong></span> <span class='ocrx_word' id='word_1_11' title='bbox 392 392 505 447; x_wconf 85' lang='lat' dir='ltr'><strong>vestro</strong></span> <span class='ocrx_word' id='word_1_12' title='bbox 521 381 657 470; x_wconf 80' lang='lat' dir='ltr'><strong>genitor</strong></span> <span class='ocrx_word' id='word_1_13' title='bbox 672 403 770 447; x_wconf 90' lang='lat' dir='ltr'><strong>meus</strong></span> <span class='ocrx_word' id='word_1_14' title='bbox 788 400 937 469; x_wconf 87' lang='lat' dir='ltr'><strong>aequore</strong></span> <span class='ocrx_word' id='word_1_15' title='bbox 952 392 1098 469; x_wconf 80' lang='lat' dir='ltr'><strong>regnat:</strong></span> 
     </span>
     <span class='ocr_line' id='line_1_3' title="bbox 111 488 1131 574; baseline -0.002 -19"><span class='ocrx_word' id='word_1_16' title='bbox 111 492 203 555; x_wconf 93' lang='lat' dir='ltr'><strong>hunc</strong></span> <span class='ocrx_word' id='word_1_17' title='bbox 219 489 279 554; x_wconf 90' lang='lat' dir='ltr'><strong>tibi</strong></span> <span class='ocrx_word' id='word_1_18' title='bbox 296 489 340 554; x_wconf 91' lang='lat' dir='ltr'><strong>do</strong></span> <span class='ocrx_word' id='word_1_19' title='bbox 357 510 526 553; x_wconf 85' lang='lat' dir='ltr'><strong>socerum.</strong></span> <span class='ocrx_word' id='word_1_20' title='bbox 576 489 729 552; x_wconf 91' lang='lat' dir='ltr'><strong>Tantum</strong></span> <span class='ocrx_word' id='word_1_21' title='bbox 748 488 923 563; x_wconf 88' lang='lat' dir='ltr'><strong>miserere,</strong></span> <span class='ocrx_word' id='word_1_22' title='bbox 941 508 1131 574; x_wconf 87' lang='lat' dir='ltr'><strong>precesque</strong></span> 
     </span>
     <span class='ocr_line' id='line_1_4' title="bbox 111 593 978 683; baseline -0.007 -21"><span class='ocrx_word' id='word_1_23' title='bbox 111 596 275 683; x_wconf 91' lang='lat' dir='ltr'><strong>supplicis</strong></span> <span class='ocrx_word' id='word_1_24' title='bbox 292 594 431 669; x_wconf 89' lang='lat' dir='ltr'><strong>exaudi,</strong></span> <span class='ocrx_word' id='word_1_25' title='bbox 449 594 509 658; x_wconf 90' lang='lat' dir='ltr'><strong>tibi</strong></span> <span class='ocrx_word' id='word_1_26' title='bbox 526 595 617 659; x_wconf 90' lang='lat' dir='ltr'><strong>enim</strong></span> <span class='ocrx_word' id='word_1_27' title='bbox 634 594 890 658; x_wconf 87' lang='lat' dir='ltr'><strong>succumbimus</strong></span> <span class='ocrx_word' id='word_1_28' title='bbox 906 593 978 657; x_wconf 90' lang='lat' dir='ltr'><strong>uni.</strong></span> 
     </span>
     <span class='ocr_line' id='line_1_5' title="bbox 111 699 1148 791; baseline -0.001 -24"><span class='ocrx_word' id='word_1_29' title='bbox 111 704 238 791; x_wconf 92' lang='lat' dir='ltr'><strong>quique</strong></span> <span class='ocrx_word' id='word_1_30' title='bbox 250 702 372 790; x_wconf 91' lang='lat' dir='ltr'><strong>Jovem</strong></span> <span class='ocrx_word' id='word_1_31' title='bbox 390 711 423 764; x_wconf 86' lang='lat' dir='ltr'><strong>et</strong></span> <span class='ocrx_word' id='word_1_32' title='bbox 440 701 573 764; x_wconf 91' lang='lat' dir='ltr'><strong>caelum</strong></span> <span class='ocrx_word' id='word_1_33' title='bbox 592 721 717 784; x_wconf 88' lang='lat' dir='ltr'><strong>sperno</strong></span> <span class='ocrx_word' id='word_1_34' title='bbox 733 711 766 765; x_wconf 89' lang='lat' dir='ltr'><strong>et</strong></span> <span class='ocrx_word' id='word_1_35' title='bbox 782 699 993 784; x_wconf 84' lang='lat' dir='ltr'><strong>penetrabile</strong></span> <span class='ocrx_word' id='word_1_36' title='bbox 1009 699 1148 776; x_wconf 80' lang='lat' dir='ltr'><strong>fulmen,</strong></span> 
     </span>
     <span class='ocr_line' id='line_1_6' title="bbox 112 805 981 887; baseline -0.006 -12"><span class='ocrx_word' id='word_1_37' title='bbox 112 809 231 887; x_wconf 82' lang='lat' dir='ltr'><strong>Nerei,</strong></span> <span class='ocrx_word' id='word_1_38' title='bbox 249 820 282 876; x_wconf 87' lang='lat' dir='ltr'><strong>te</strong></span> <span class='ocrx_word' id='word_1_39' title='bbox 298 829 439 874; x_wconf 87' lang='lat' dir='ltr'><strong>vereor:</strong></span> <span class='ocrx_word' id='word_1_40' title='bbox 465 816 524 870; x_wconf 84' lang='lat' dir='ltr'><strong>tua</strong></span> <span class='ocrx_word' id='word_1_41' title='bbox 540 806 684 870; x_wconf 84' lang='lat' dir='ltr'><strong>fulmine</strong></span> <span class='ocrx_word' id='word_1_42' title='bbox 700 806 835 870; x_wconf 91' lang='lat' dir='ltr'><strong>saevior</strong></span> <span class='ocrx_word' id='word_1_43' title='bbox 851 805 901 870; x_wconf 89' lang='lat' dir='ltr'><strong>ira</strong></span> <span class='ocrx_word' id='word_1_44' title='bbox 918 816 981 870; x_wconf 87' lang='lat' dir='ltr'><strong>est.</strong></span> 
     </span>
    </p>

    <p class='ocr_par' dir='ltr' id='par_1_3' title="bbox 112 912 1159 1112">
     <span class='ocr_line' id='line_1_7' title="bbox 159 912 1074 1004; baseline -0.002 -22"><span class='ocrx_word' id='word_1_45' title='bbox 159 927 168 958; x_wconf 89' lang='lat'>‘</span> <span class='ocrx_word' id='word_1_46' title='bbox 186 916 297 1004; x_wconf 86' lang='lat' dir='ltr'><strong>Atque</strong></span> <span class='ocrx_word' id='word_1_47' title='bbox 314 937 379 1004; x_wconf 79' lang='lat' dir='ltr'><strong>ego</strong></span> <span class='ocrx_word' id='word_1_48' title='bbox 397 923 611 998; x_wconf 89' lang='lat' dir='ltr'><strong>contemptus</strong></span> <span class='ocrx_word' id='word_1_49' title='bbox 629 933 741 977; x_wconf 90' lang='lat' dir='ltr'><strong>essem</strong></span> <span class='ocrx_word' id='word_1_50' title='bbox 759 912 941 998; x_wconf 84' lang='lat' dir='ltr'><strong>patientior</strong></span> <span class='ocrx_word' id='word_1_51' title='bbox 956 912 1074 1002; x_wconf 74' lang='lat' dir='ltr'><strong>hujuS,</strong></span> 
     </span>
     <span class='ocr_line' id='line_1_8' title="bbox 112 1017 1159 1112; baseline -0.006 -23"><span class='ocrx_word' id='word_1_52' title='bbox 112 1022 139 1089; x_wconf 91' lang='lat' dir='ltr'><strong>si</strong></span> <span class='ocrx_word' id='word_1_53' title='bbox 157 1024 294 1112; x_wconf 85' lang='lat' dir='ltr'><strong>sugeres</strong></span> <span class='ocrx_word' id='word_1_54' title='bbox 310 1042 441 1089; x_wconf 88' lang='lat' dir='ltr'><strong>omnes.</strong></span> <span class='ocrx_word' id='word_1_55' title='bbox 492 1019 563 1085; x_wconf 90' lang='lat' dir='ltr'><strong>Sed</strong></span> <span class='ocrx_word' id='word_1_56' title='bbox 580 1039 641 1083; x_wconf 90' lang='lat' dir='ltr'><strong>cur</strong></span> <span class='ocrx_word' id='word_1_57' title='bbox 657 1017 817 1106; x_wconf 81' lang='lat' dir='ltr'><strong>Cyclope</strong></span> <span class='ocrx_word' id='word_1_58' title='bbox 832 1020 972 1104; x_wconf 88' lang='lat' dir='ltr'><strong>repulso</strong></span> <span class='ocrx_word' id='word_1_59' title='bbox 1112 1038 1159 1094; x_wconf 82' lang='lat'><strong>860</strong></span> 
     </span>
    </p>
   </div>
   <div class='ocr_carea' id='block_1_3' title="bbox 82 1125 1179 3987">
    <p class='ocr_par' dir='ltr' id='par_1_4' title="bbox 110 1125 1119 2071">
     <span class='ocr_line' id='line_1_9' title="bbox 112 1125 1052 1214; baseline 0 -21"><span class='ocrx_word' id='word_1_60' title='bbox 112 1128 202 1194; x_wconf 93' lang='lat' dir='ltr'><strong>Acin</strong></span> <span class='ocrx_word' id='word_1_61' title='bbox 219 1128 338 1194; x_wconf 88' lang='lat' dir='ltr'><strong>amas?</strong></span> <span class='ocrx_word' id='word_1_62' title='bbox 362 1128 583 1214; x_wconf 84' lang='lat' dir='ltr'><strong>praefersque</strong></span> <span class='ocrx_word' id='word_1_63' title='bbox 600 1125 684 1190; x_wconf 92' lang='lat' dir='ltr'><strong>meis</strong></span> <span class='ocrx_word' id='word_1_64' title='bbox 703 1125 920 1210; x_wconf 86' lang='lat' dir='ltr'><strong>amplexibus</strong></span> <span class='ocrx_word' id='word_1_65' title='bbox 936 1125 1052 1193; x_wconf 84' lang='lat' dir='ltr'><strong>Acin?</strong></span> 
     </span>
     <span class='ocr_line' id='line_1_10' title="bbox 111 1232 980 1321; baseline -0.001 -22"><span class='ocrx_word' id='word_1_66' title='bbox 111 1234 168 1300; x_wconf 91' lang='lat' dir='ltr'><strong>ille</strong></span> <span class='ocrx_word' id='word_1_67' title='bbox 185 1246 299 1301; x_wconf 89' lang='lat' dir='ltr'><strong>tamen</strong></span> <span class='ocrx_word' id='word_1_68' title='bbox 317 1237 519 1321; x_wconf 87' lang='lat' dir='ltr'><strong>placeatque</strong></span> <span class='ocrx_word' id='word_1_69' title='bbox 535 1233 611 1310; x_wconf 92' lang='lat' dir='ltr'><strong>sibi,</strong></span> <span class='ocrx_word' id='word_1_70' title='bbox 631 1232 837 1320; x_wconf 86' lang='lat' dir='ltr'><strong>placeatque</strong></span> <span class='ocrx_word' id='word_1_71' title='bbox 853 1233 980 1309; x_wconf 86' lang='lat' dir='ltr'><strong>licebit,</strong></span> 
     </span>
     <span class='ocr_line' id='line_1_11' title="bbox 111 1339 1042 1430; baseline 0 -22"><span class='ocrx_word' id='word_1_72' title='bbox 111 1344 203 1430; x_wconf 93' lang='lat' dir='ltr'><strong>quod</strong></span> <span class='ocrx_word' id='word_1_73' title='bbox 218 1342 357 1419; x_wconf 87' lang='lat' dir='ltr'><strong>nollem,</strong></span> <span class='ocrx_word' id='word_1_74' title='bbox 377 1341 536 1418; x_wconf 86' lang='lat' dir='ltr'><strong>Galatea,</strong></span> <span class='ocrx_word' id='word_1_75' title='bbox 554 1341 627 1406; x_wconf 87' lang='lat' dir='ltr'><strong>tibi.</strong></span> <span class='ocrx_word' id='word_1_76' title='bbox 676 1339 785 1405; x_wconf 90' lang='lat' dir='ltr'><strong>Modo</strong></span> <span class='ocrx_word' id='word_1_77' title='bbox 801 1340 901 1427; x_wconf 90' lang='lat' dir='ltr'><strong>copia</strong></span> <span class='ocrx_word' id='word_1_78' title='bbox 917 1340 1042 1409; x_wconf 87' lang='lat' dir='ltr'><strong>deturl</strong></span> 
     </span>
     <span class='ocr_line' id='line_1_12' title="bbox 111 1448 899 1534; baseline -0.001 -19"><span class='ocrx_word' id='word_1_79' title='bbox 111 1450 231 1515; x_wconf 89' lang='lat' dir='ltr'><strong>sentiet</strong></span> <span class='ocrx_word' id='word_1_80' title='bbox 247 1456 322 1515; x_wconf 71' lang='lat' dir='ltr'><strong>esse</strong></span> <span class='ocrx_word' id='word_1_81' title='bbox 340 1449 421 1512; x_wconf 92' lang='lat' dir='ltr'><strong>mihi</strong></span> <span class='ocrx_word' id='word_1_82' title='bbox 438 1459 531 1514; x_wconf 90' lang='lat' dir='ltr'><strong>tanto</strong></span> <span class='ocrx_word' id='word_1_83' title='bbox 548 1471 610 1534; x_wconf 93' lang='lat' dir='ltr'><strong>pro</strong></span> <span class='ocrx_word' id='word_1_84' title='bbox 627 1469 771 1534; x_wconf 89' lang='lat' dir='ltr'><strong>corpore</strong></span> <span class='ocrx_word' id='word_1_85' title='bbox 787 1448 899 1514; x_wconf 82' lang='lat' dir='ltr'><strong>vires:</strong></span> 
     </span>
     <span class='ocr_line' id='line_1_13' title="bbox 110 1556 1103 1646; baseline 0.003 -25"><span class='ocrx_word' id='word_1_86' title='bbox 110 1557 242 1622; x_wconf 89' lang='lat' dir='ltr'><strong>viscera</strong></span> <span class='ocrx_word' id='word_1_87' title='bbox 258 1557 336 1621; x_wconf 91' lang='lat' dir='ltr'><strong>viva</strong></span> <span class='ocrx_word' id='word_1_88' title='bbox 353 1559 498 1631; x_wconf 89' lang='lat' dir='ltr'><strong>traham,</strong></span> <span class='ocrx_word' id='word_1_89' title='bbox 517 1556 719 1643; x_wconf 90' lang='lat' dir='ltr'><strong>divulsaque</strong></span> <span class='ocrx_word' id='word_1_90' title='bbox 737 1558 892 1621; x_wconf 91' lang='lat' dir='ltr'><strong>membra</strong></span> <span class='ocrx_word' id='word_1_91' title='bbox 909 1578 972 1642; x_wconf 89' lang='lat' dir='ltr'><strong>per</strong></span> <span class='ocrx_word' id='word_1_92' title='bbox 986 1578 1103 1646; x_wconf 79' lang='lat' dir='ltr'><strong>agros,</strong></span> 
     </span>
     <span class='ocr_line' id='line_1_14' title="bbox 110 1663 1119 1750; baseline 0.002 -23"><span class='ocrx_word' id='word_1_93' title='bbox 110 1684 238 1750; x_wconf 89' lang='lat' dir='ltr'><strong>perque</strong></span> <span class='ocrx_word' id='word_1_94' title='bbox 254 1673 330 1729; x_wconf 89' lang='lat' dir='ltr'><strong>tuas</strong></span> <span class='ocrx_word' id='word_1_95' title='bbox 345 1684 506 1750; x_wconf 86' lang='lat' dir='ltr'><strong>spargam</strong></span> <span class='ocrx_word' id='word_1_96' title='bbox 517 1663 622 1728; x_wconf 92' lang='lat' dir='ltr'><strong>-sic</strong></span> <span class='ocrx_word' id='word_1_97' title='bbox 638 1684 675 1728; x_wconf 90' lang='lat' dir='ltr'><strong>se</strong></span> <span class='ocrx_word' id='word_1_98' title='bbox 691 1663 751 1728; x_wconf 89' lang='lat' dir='ltr'><strong>tibi</strong></span> <span class='ocrx_word' id='word_1_99' title='bbox 769 1663 910 1729; x_wconf 91' lang='lat' dir='ltr'><strong>misceat</strong></span> <span class='ocrx_word' id='word_1_100' title='bbox 922 1663 930 1728; x_wconf 86' lang='lat' dir='ltr'><strong>l</strong></span> <span class='ocrx_word' id='word_1_101' title='bbox 940 1666 1119 1730; x_wconf 69' lang='lat' dir='ltr'><strong>——undas</strong></span> 
     </span>
     <span class='ocr_line' id='line_1_15' title="bbox 110 1770 962 1858; baseline 0.001 -23"><span class='ocrx_word' id='word_1_102' title='bbox 110 1792 190 1835; x_wconf 93' lang='lat' dir='ltr'><strong>uror</strong></span> <span class='ocrx_word' id='word_1_103' title='bbox 206 1771 310 1846; x_wconf 91' lang='lat' dir='ltr'><strong>enim,</strong></span> <span class='ocrx_word' id='word_1_104' title='bbox 328 1771 508 1856; x_wconf 87' lang='lat' dir='ltr'><strong>laesusque</strong></span> <span class='ocrx_word' id='word_1_105' title='bbox 525 1780 704 1835; x_wconf 88' lang='lat' dir='ltr'><strong>exaestuat</strong></span> <span class='ocrx_word' id='word_1_106' title='bbox 722 1770 834 1836; x_wconf 88' lang='lat' dir='ltr'><strong>acrius</strong></span> <span class='ocrx_word' id='word_1_107' title='bbox 849 1770 962 1858; x_wconf 77' lang='lat' dir='ltr'><strong>ignis3</strong></span> 
     </span>
     <span class='ocr_line' id='line_1_16' title="bbox 110 1877 1007 1963; baseline 0.001 -21"><span class='ocrx_word' id='word_1_108' title='bbox 110 1898 256 1963; x_wconf 90' lang='lat' dir='ltr'><strong>cumque</strong></span> <span class='ocrx_word' id='word_1_109' title='bbox 273 1877 343 1942; x_wconf 91' lang='lat' dir='ltr'><strong>suis</strong></span> <span class='ocrx_word' id='word_1_110' title='bbox 359 1877 476 1942; x_wconf 91' lang='lat' dir='ltr'><strong>videor</strong></span> <span class='ocrx_word' id='word_1_111' title='bbox 491 1878 691 1942; x_wconf 89' lang='lat' dir='ltr'><strong>translatam</strong></span> <span class='ocrx_word' id='word_1_112' title='bbox 708 1877 838 1943; x_wconf 89' lang='lat' dir='ltr'><strong>viribus</strong></span> <span class='ocrx_word' id='word_1_113' title='bbox 853 1877 1007 1943; x_wconf 89' lang='lat' dir='ltr'><strong>Aetnam</strong></span> 
     </span>
     <span class='ocr_line' id='line_1_17' title="bbox 110 1984 989 2071; baseline 0.003 -23"><span class='ocrx_word' id='word_1_114' title='bbox 110 1995 246 2071; x_wconf 89' lang='lat' dir='ltr'><strong>pectore</strong></span> <span class='ocrx_word' id='word_1_115' title='bbox 262 1984 350 2048; x_wconf 83' lang='lat' dir='ltr'><strong>serre</strong></span> <span class='ocrx_word' id='word_1_116' title='bbox 368 2005 464 2049; x_wconf 87' lang='lat' dir='ltr'><strong>meo:</strong></span> <span class='ocrx_word' id='word_1_117' title='bbox 489 2005 554 2049; x_wconf 93' lang='lat' dir='ltr'><strong>nec</strong></span> <span class='ocrx_word' id='word_1_118' title='bbox 569 1996 619 2061; x_wconf 86' lang='lat' dir='ltr'><strong>tu,</strong></span> <span class='ocrx_word' id='word_1_119' title='bbox 637 1984 797 2060; x_wconf 87' lang='lat' dir='ltr'><strong>Galatea,</strong></span> <span class='ocrx_word' id='word_1_120' title='bbox 816 1985 989 2051; x_wconf 66' lang='lat' dir='ltr'><strong>moveris?</strong></span> 
     </span>
    </p>

    <p class='ocr_par' dir='ltr' id='par_1_5' title="bbox 107 2090 1179 3033">
     <span class='ocr_line' id='line_1_18' title="bbox 153 2090 1179 2177; baseline 0 -23"><span class='ocrx_word' id='word_1_121' title='bbox 153 2091 254 2154; x_wconf 87' lang='lat' dir='ltr'><strong>Talia</strong></span> <span class='ocrx_word' id='word_1_122' title='bbox 272 2090 479 2177; x_wconf 90' lang='lat' dir='ltr'><strong>nequiquam</strong></span> <span class='ocrx_word' id='word_1_123' title='bbox 496 2101 694 2177; x_wconf 82' lang='lat' dir='ltr'><strong>questus·</strong></span> <span class='ocrx_word' id='word_1_124' title='bbox 707 2112 789 2156; x_wconf 91' lang='lat' dir='ltr'><strong>nam</strong></span> <span class='ocrx_word' id='word_1_125' title='bbox 807 2103 931 2157; x_wconf 90' lang='lat' dir='ltr'><strong>cuncta</strong></span> <span class='ocrx_word' id='word_1_126' title='bbox 946 2092 1179 2158; x_wconf 88' lang='lat' dir='ltr'><strong>videbam—</strong></span> 
     </span>
     <span class='ocr_line' id='line_1_19' title="bbox 110 2196 1002 2287; baseline 0 -24"><span class='ocrx_word' id='word_1_127' title='bbox 110 2196 230 2285; x_wconf 88' lang='lat' dir='ltr'><strong>surgit,</strong></span> <span class='ocrx_word' id='word_1_128' title='bbox 249 2210 281 2262; x_wconf 91' lang='lat' dir='ltr'><strong>et</strong></span> <span class='ocrx_word' id='word_1_129' title='bbox 298 2207 334 2261; x_wconf 93' lang='lat' dir='ltr'><strong>ut</strong></span> <span class='ocrx_word' id='word_1_130' title='bbox 349 2209 464 2260; x_wconf 91' lang='lat' dir='ltr'><strong>taurus</strong></span> <span class='ocrx_word' id='word_1_131' title='bbox 480 2218 587 2262; x_wconf 90' lang='lat' dir='ltr'><strong>vacca</strong></span> <span class='ocrx_word' id='word_1_132' title='bbox 604 2196 809 2264; x_wconf 90' lang='lat' dir='ltr'><strong>furibundus</strong></span> <span class='ocrx_word' id='word_1_133' title='bbox 827 2199 1002 2287; x_wconf 89' lang='lat' dir='ltr'><strong>adempta,</strong></span> 
     </span>
     <span class='ocr_line' id='line_1_20' title="bbox 109 2303 959 2390; baseline -0.002 -20"><span class='ocrx_word' id='word_1_134' title='bbox 109 2315 198 2370; x_wconf 88' lang='lat' dir='ltr'><strong>stare</strong></span> <span class='ocrx_word' id='word_1_135' title='bbox 214 2303 343 2390; x_wconf 92' lang='lat' dir='ltr'><strong>nequit,</strong></span> <span class='ocrx_word' id='word_1_136' title='bbox 362 2303 514 2390; x_wconf 89' lang='lat' dir='ltr'><strong>silvaque</strong></span> <span class='ocrx_word' id='word_1_137' title='bbox 532 2314 564 2369; x_wconf 87' lang='lat' dir='ltr'><strong>et</strong></span> <span class='ocrx_word' id='word_1_138' title='bbox 580 2305 669 2370; x_wconf 90' lang='lat' dir='ltr'><strong>notis</strong></span> <span class='ocrx_word' id='word_1_139' title='bbox 686 2304 829 2371; x_wconf 89' lang='lat' dir='ltr'><strong>saltibus</strong></span> <span class='ocrx_word' id='word_1_140' title='bbox 847 2316 959 2371; x_wconf 81' lang='lat' dir='ltr'><strong>errat:</strong></span> 
     </span>
     <span class='ocr_line' id='line_1_21' title="bbox 109 2409 1019 2498; baseline 0.005 -25"><span class='ocrx_word' id='word_1_141' title='bbox 109 2430 187 2474; x_wconf 92' lang='lat' dir='ltr'><strong>cum</strong></span> <span class='ocrx_word' id='word_1_142' title='bbox 203 2410 294 2476; x_wconf 87' lang='lat' dir='ltr'><strong>serus</strong></span> <span class='ocrx_word' id='word_1_143' title='bbox 310 2409 462 2497; x_wconf 75' lang='lat' dir='ltr'><strong>ignaroS,</strong></span> <span class='ocrx_word' id='word_1_144' title='bbox 481 2430 546 2475; x_wconf 93' lang='lat' dir='ltr'><strong>nec</strong></span> <span class='ocrx_word' id='word_1_145' title='bbox 561 2411 748 2498; x_wconf 93' lang='lat' dir='ltr'><strong>quicquam</strong></span> <span class='ocrx_word' id='word_1_146' title='bbox 763 2412 831 2477; x_wconf 90' lang='lat' dir='ltr'><strong>tale</strong></span> <span class='ocrx_word' id='word_1_147' title='bbox 846 2412 1019 2488; x_wconf 88' lang='lat' dir='ltr'><strong>timentes,</strong></span> 
     </span>
     <span class='ocr_line' id='line_1_22' title="bbox 109 2514 1128 2606; baseline 0.002 -26"><span class='ocrx_word' id='word_1_148' title='bbox 109 2537 164 2581; x_wconf 91' lang='lat' dir='ltr'><strong>me</strong></span> <span class='ocrx_word' id='word_1_149' title='bbox 179 2517 272 2582; x_wconf 89' lang='lat' dir='ltr'><strong>videt</strong></span> <span class='ocrx_word' id='word_1_150' title='bbox 289 2528 388 2603; x_wconf 88' lang='lat' dir='ltr'><strong>atque</strong></span> <span class='ocrx_word' id='word_1_151' title='bbox 406 2514 518 2590; x_wconf 83' lang='lat' dir='ltr'><strong>Acin3</strong></span> <span class='ocrx_word' id='word_1_152' title='bbox 545 2516 680 2582; x_wconf 89' lang='lat' dir='ltr'><strong>‘Video</strong></span> <span class='ocrx_word' id='word_1_153' title='bbox 694 2518 702 2546; x_wconf 92' lang='lat'>&#39;</span> <span class='ocrx_word' id='word_1_154' title='bbox 718 2528 785 2606; x_wconf 88' lang='lat' dir='ltr'><strong>que&#39;</strong></span> <span class='ocrx_word' id='word_1_155' title='bbox 802 2518 977 2584; x_wconf 91' lang='lat' dir='ltr'><strong>exclamat</strong></span> <span class='ocrx_word' id='word_1_156' title='bbox 993 2529 1002 2560; x_wconf 77' lang='lat'><strong><em>⁶</em></strong></span> <span class='ocrx_word' id='word_1_157' title='bbox 1018 2528 1054 2586; x_wconf 89' lang='lat' dir='ltr'><strong>et</strong></span> <span class='ocrx_word' id='word_1_158' title='bbox 1067 2518 1128 2584; x_wconf 87' lang='lat' dir='ltr'><strong>ista</strong></span> 
     </span>
     <span class='ocr_line' id='line_1_23' title="bbox 107 2622 1174 2709; baseline 0.007 -21"><span class='ocrx_word' id='word_1_159' title='bbox 107 2624 227 2688; x_wconf 90' lang='lat' dir='ltr'><strong>ultima</strong></span> <span class='ocrx_word' id='word_1_160' title='bbox 244 2622 298 2698; x_wconf 88' lang='lat' dir='ltr'><strong>sit,</strong></span> <span class='ocrx_word' id='word_1_161' title='bbox 316 2623 453 2700; x_wconf 83' lang='lat' dir='ltr'><strong>faciam,</strong></span> <span class='ocrx_word' id='word_1_162' title='bbox 472 2624 606 2688; x_wconf 87' lang='lat' dir='ltr'><strong>veneris</strong></span> <span class='ocrx_word' id='word_1_163' title='bbox 625 2626 808 2691; x_wconf 91' lang='lat' dir='ltr'><strong>concordia</strong></span> <span class='ocrx_word' id='word_1_164' title='bbox 825 2625 984 2691; x_wconf 89' lang='lat' dir='ltr'><strong>vestrae.’</strong></span> <span class='ocrx_word' id='word_1_165' title='bbox 1107 2642 1174 2709; x_wconf 69' lang='lat'><strong>875</strong></span> 
     </span>
     <span class='ocr_line' id='line_1_24' title="bbox 108 2729 986 2818; baseline 0.006 -24"><span class='ocrx_word' id='word_1_166' title='bbox 108 2740 268 2817; x_wconf 88' lang='lat' dir='ltr'><strong>tantaque</strong></span> <span class='ocrx_word' id='word_1_167' title='bbox 284 2752 366 2805; x_wconf 90' lang='lat' dir='ltr'><strong>vox,</strong></span> <span class='ocrx_word' id='word_1_168' title='bbox 383 2741 546 2817; x_wconf 88' lang='lat' dir='ltr'><strong>quantam</strong></span> <span class='ocrx_word' id='word_1_169' title='bbox 563 2729 717 2818; x_wconf 89' lang='lat' dir='ltr'><strong>Cyclops</strong></span> <span class='ocrx_word' id='word_1_170' title='bbox 733 2732 840 2798; x_wconf 89' lang='lat' dir='ltr'><strong>iratus</strong></span> <span class='ocrx_word' id='word_1_171' title='bbox 856 2733 986 2799; x_wconf 88' lang='lat' dir='ltr'><strong>habere</strong></span> 
     </span>
     <span class='ocr_line' id='line_1_25' title="bbox 109 2835 969 2922; baseline 0.002 -20"><span class='ocrx_word' id='word_1_172' title='bbox 109 2837 236 2913; x_wconf 91' lang='lat' dir='ltr'><strong>debuit,</strong></span> <span class='ocrx_word' id='word_1_173' title='bbox 254 2837 314 2901; x_wconf 87' lang='lat' dir='ltr'><strong>illa</strong></span> <span class='ocrx_word' id='word_1_174' title='bbox 330 2836 404 2900; x_wconf 87' lang='lat' dir='ltr'><strong>suit.</strong></span> <span class='ocrx_word' id='word_1_175' title='bbox 454 2835 616 2902; x_wconf 89' lang='lat' dir='ltr'><strong>Clamore</strong></span> <span class='ocrx_word' id='word_1_176' title='bbox 633 2838 828 2922; x_wconf 92' lang='lat' dir='ltr'><strong>perhorruit</strong></span> <span class='ocrx_word' id='word_1_177' title='bbox 841 2837 969 2916; x_wconf 86' lang='lat' dir='ltr'><strong>Aetne,</strong></span> 
     </span>
     <span class='ocr_line' id='line_1_26' title="bbox 108 2943 980 3033; baseline 0.002 -25"><span class='ocrx_word' id='word_1_178' title='bbox 108 2954 160 3008; x_wconf 91' lang='lat' dir='ltr'><strong>ast</strong></span> <span class='ocrx_word' id='word_1_179' title='bbox 176 2965 241 3031; x_wconf 83' lang='lat' dir='ltr'><strong>ego</strong></span> <span class='ocrx_word' id='word_1_180' title='bbox 256 2943 370 3008; x_wconf 90' lang='lat' dir='ltr'><strong>vicino</strong></span> <span class='ocrx_word' id='word_1_181' title='bbox 385 2943 564 3029; x_wconf 83' lang='lat' dir='ltr'><strong>pavefacta</strong></span> <span class='ocrx_word' id='word_1_182' title='bbox 581 2947 645 3010; x_wconf 90' lang='lat' dir='ltr'><strong>sub</strong></span> <span class='ocrx_word' id='word_1_183' title='bbox 662 2966 812 3033; x_wconf 92' lang='lat' dir='ltr'><strong>aequore</strong></span> <span class='ocrx_word' id='word_1_184' title='bbox 828 2966 980 3033; x_wconf 82' lang='lat' dir='ltr'><strong>mergor.</strong></span> 
     </span>
    </p>

    <p class='ocr_par' dir='ltr' id='par_1_6' title="bbox 105 3049 1143 3669">
     <span class='ocr_line' id='line_1_27' title="bbox 151 3049 1103 3142; baseline 0.004 -29"><span class='ocrx_word' id='word_1_185' title='bbox 151 3050 270 3138; x_wconf 83' lang='lat' dir='ltr'><strong>Terga</strong></span> <span class='ocrx_word' id='word_1_186' title='bbox 287 3049 391 3136; x_wconf 81' lang='lat' dir='ltr'><strong>fugae</strong></span> <span class='ocrx_word' id='word_1_187' title='bbox 408 3049 548 3116; x_wconf 89' lang='lat' dir='ltr'><strong>dederat</strong></span> <span class='ocrx_word' id='word_1_188' title='bbox 564 3072 732 3118; x_wconf 88' lang='lat' dir='ltr'><strong>conversa</strong></span> <span class='ocrx_word' id='word_1_189' title='bbox 748 3053 973 3142; x_wconf 88' lang='lat' dir='ltr'><strong>Symaethius</strong></span> <span class='ocrx_word' id='word_1_190' title='bbox 988 3053 1103 3127; x_wconf 90' lang='lat' dir='ltr'><strong>heros,</strong></span> 
     </span>
     <span class='ocr_line' id='line_1_28' title="bbox 107 3155 1143 3245; baseline 0.002 -24"><span class='ocrx_word' id='word_1_191' title='bbox 107 3166 140 3221; x_wconf 91' lang='lat' dir='ltr'><strong>et</strong></span> <span class='ocrx_word' id='word_1_192' title='bbox 157 3156 247 3220; x_wconf 84' lang='lat' dir='ltr'><strong>‘Fer</strong></span> <span class='ocrx_word' id='word_1_193' title='bbox 263 3176 377 3241; x_wconf 90' lang='lat' dir='ltr'><strong>opem,</strong></span> <span class='ocrx_word' id='word_1_194' title='bbox 397 3155 556 3233; x_wconf 89' lang='lat' dir='ltr'><strong>Galatea,</strong></span> <span class='ocrx_word' id='word_1_195' title='bbox 576 3181 710 3245; x_wconf 92' lang='lat' dir='ltr'><strong>precor,</strong></span> <span class='ocrx_word' id='word_1_196' title='bbox 730 3159 835 3224; x_wconf 92' lang='lat' dir='ltr'><strong>mihil</strong></span> <span class='ocrx_word' id='word_1_197' title='bbox 859 3159 944 3224; x_wconf 83' lang='lat' dir='ltr'><strong>ferte</strong></span> <span class='ocrx_word' id='word_1_198' title='bbox 961 3157 1143 3244; x_wconf 89' lang='lat' dir='ltr'><strong>parentcs‚&#39;</strong></span> 
     </span>
     <span class='ocr_line' id='line_1_29' title="bbox 107 3262 1024 3356; baseline 0.002 -29"><span class='ocrx_word' id='word_1_199' title='bbox 107 3262 252 3337; x_wconf 89' lang='lat' dir='ltr'><strong>dixerat,</strong></span> <span class='ocrx_word' id='word_1_200' title='bbox 272 3273 326 3327; x_wconf 85' lang='lat' dir='ltr'><strong>‘et</strong></span> <span class='ocrx_word' id='word_1_201' title='bbox 342 3266 462 3330; x_wconf 91' lang='lat' dir='ltr'><strong>vestris</strong></span> <span class='ocrx_word' id='word_1_202' title='bbox 481 3269 667 3352; x_wconf 88' lang='lat' dir='ltr'><strong>periturum</strong></span> <span class='ocrx_word' id='word_1_203' title='bbox 685 3269 849 3333; x_wconf 87' lang='lat' dir='ltr'><strong>admittite</strong></span> <span class='ocrx_word' id='word_1_204' title='bbox 865 3269 982 3356; x_wconf 85' lang='lat' dir='ltr'><strong>regnis</strong></span> <span class='ocrx_word' id='word_1_205' title='bbox 996 3264 1024 3329; x_wconf 86' lang='lat' dir='ltr'><strong>l&#39;</strong></span> 
     </span>
     <span class='ocr_line' id='line_1_30' title="bbox 106 3367 1053 3461; baseline 0.007 -29"><span class='ocrx_word' id='word_1_206' title='bbox 106 3367 292 3455; x_wconf 90' lang='lat' dir='ltr'><strong>insequitur</strong></span> <span class='ocrx_word' id='word_1_207' title='bbox 309 3369 475 3457; x_wconf 89' lang='lat' dir='ltr'><strong>Cyclops,</strong></span> <span class='ocrx_word' id='word_1_208' title='bbox 495 3385 695 3461; x_wconf 88' lang='lat' dir='ltr'><strong>partemque</strong></span> <span class='ocrx_word' id='word_1_209' title='bbox 712 3396 731 3439; x_wconf 93' lang='lat' dir='ltr'><strong>e</strong></span> <span class='ocrx_word' id='word_1_210' title='bbox 749 3386 862 3440; x_wconf 91' lang='lat' dir='ltr'><strong>monte</strong></span> <span class='ocrx_word' id='word_1_211' title='bbox 879 3375 1053 3439; x_wconf 88' lang='lat' dir='ltr'><strong>revulsam</strong></span> 
     </span>
     <span class='ocr_line' id='line_1_31' title="bbox 105 3474 989 3567; baseline 0.009 -29"><span class='ocrx_word' id='word_1_212' title='bbox 105 3474 222 3550; x_wconf 86' lang='lat' dir='ltr'><strong>mittit3</strong></span> <span class='ocrx_word' id='word_1_213' title='bbox 248 3486 281 3540; x_wconf 90' lang='lat' dir='ltr'><strong>et</strong></span> <span class='ocrx_word' id='word_1_214' title='bbox 297 3487 470 3544; x_wconf 89' lang='lat' dir='ltr'><strong>extremus</strong></span> <span class='ocrx_word' id='word_1_215' title='bbox 487 3481 644 3567; x_wconf 89' lang='lat' dir='ltr'><strong>quamvis</strong></span> <span class='ocrx_word' id='word_1_216' title='bbox 661 3481 816 3566; x_wconf 87' lang='lat' dir='ltr'><strong>pervenit</strong></span> <span class='ocrx_word' id='word_1_217' title='bbox 832 3481 875 3546; x_wconf 88' lang='lat' dir='ltr'><strong>ad</strong></span> <span class='ocrx_word' id='word_1_218' title='bbox 891 3481 989 3546; x_wconf 90' lang='lat' dir='ltr'><strong>illum</strong></span> 
     </span>
     <span class='ocr_line' id='line_1_32' title="bbox 105 3583 959 3669; baseline 0.008 -24"><span class='ocrx_word' id='word_1_219' title='bbox 105 3584 252 3669; x_wconf 86' lang='lat' dir='ltr'><strong>angulus</strong></span> <span class='ocrx_word' id='word_1_220' title='bbox 268 3583 297 3650; x_wconf 91' lang='lat' dir='ltr'><strong>is</strong></span> <span class='ocrx_word' id='word_1_221' title='bbox 316 3587 452 3661; x_wconf 90' lang='lat' dir='ltr'><strong>montis,</strong></span> <span class='ocrx_word' id='word_1_222' title='bbox 471 3597 578 3651; x_wconf 89' lang='lat' dir='ltr'><strong>totum</strong></span> <span class='ocrx_word' id='word_1_223' title='bbox 594 3599 710 3651; x_wconf 92' lang='lat' dir='ltr'><strong>tamen</strong></span> <span class='ocrx_word' id='word_1_224' title='bbox 726 3588 838 3652; x_wconf 89' lang='lat' dir='ltr'><strong>obruit</strong></span> <span class='ocrx_word' id='word_1_225' title='bbox 854 3587 959 3652; x_wconf 90' lang='lat' dir='ltr'><strong>Acin.</strong></span> 
     </span>
    </p>

    <p class='ocr_par' dir='ltr' id='par_1_7' title="bbox 82 3686 1159 3987">
     <span class='ocr_line' id='line_1_33' title="bbox 148 3686 1159 3780; baseline 0.007 -28"><span class='ocrx_word' id='word_1_226' title='bbox 148 3686 195 3753; x_wconf 86' lang='lat' dir='ltr'><strong>At</strong></span> <span class='ocrx_word' id='word_1_227' title='bbox 211 3712 286 3769; x_wconf 91' lang='lat' dir='ltr'><strong>nos,</strong></span> <span class='ocrx_word' id='word_1_228' title='bbox 306 3692 397 3778; x_wconf 90' lang='lat' dir='ltr'><strong>quod</strong></span> <span class='ocrx_word' id='word_1_229' title='bbox 415 3692 526 3756; x_wconf 92' lang='lat' dir='ltr'><strong>solum</strong></span> <span class='ocrx_word' id='word_1_230' title='bbox 543 3692 615 3756; x_wconf 89' lang='lat' dir='ltr'><strong>fieri</strong></span> <span class='ocrx_word' id='word_1_231' title='bbox 634 3692 779 3777; x_wconf 80' lang='lat' dir='ltr'><strong>perlata</strong></span> <span class='ocrx_word' id='word_1_232' title='bbox 795 3693 932 3771; x_wconf 89' lang='lat' dir='ltr'><strong>licebat,</strong></span> <span class='ocrx_word' id='word_1_233' title='bbox 1105 3712 1159 3780; x_wconf 75' lang='lat'><strong>885</strong></span> 
     </span>
     <span class='ocr_line' id='line_1_34' title="bbox 103 3795 860 3874; baseline 0.004 -15"><span class='ocrx_word' id='word_1_234' title='bbox 103 3795 259 3874; x_wconf 83' lang='lat' dir='ltr'><strong>fecimus,</strong></span> <span class='ocrx_word' id='word_1_235' title='bbox 277 3810 314 3864; x_wconf 93' lang='lat' dir='ltr'><strong>ut</strong></span> <span class='ocrx_word' id='word_1_236' title='bbox 329 3798 420 3862; x_wconf 87' lang='lat' dir='ltr'><strong>vires</strong></span> <span class='ocrx_word' id='word_1_237' title='bbox 438 3809 626 3862; x_wconf 89' lang='lat' dir='ltr'><strong>assumeret</strong></span> <span class='ocrx_word' id='word_1_238' title='bbox 640 3797 725 3863; x_wconf 89' lang='lat' dir='ltr'><strong>Acis</strong></span> <span class='ocrx_word' id='word_1_239' title='bbox 742 3799 860 3865; x_wconf 86' lang='lat' dir='ltr'><strong>avitas.</strong></span> 
     </span>
     <span class='ocr_line' id='line_1_35' title="bbox 82 3904 905 3987; baseline 0.004 -20"><span class='ocrx_word' id='word_1_240' title='bbox 82 3904 263 3987; x_wconf 86' lang='lat' dir='ltr'><strong>puniceus</strong></span> <span class='ocrx_word' id='word_1_241' title='bbox 280 3905 325 3973; x_wconf 91' lang='lat' dir='ltr'><strong>de</strong></span> <span class='ocrx_word' id='word_1_242' title='bbox 342 3904 435 3972; x_wconf 91' lang='lat' dir='ltr'><strong>mole</strong></span> <span class='ocrx_word' id='word_1_243' title='bbox 453 3926 557 3972; x_wconf 90' lang='lat' dir='ltr'><strong>cruor</strong></span> <span class='ocrx_word' id='word_1_244' title='bbox 572 3905 752 3982; x_wconf 85' lang='lat' dir='ltr'><strong>manabat,</strong></span> <span class='ocrx_word' id='word_1_245' title='bbox 767 3905 905 3970; x_wconf 73' lang='lat' dir='ltr'><strong>etinua</strong></span> 
     </span>
    </p>
   </div>
   <div class='ocr_carea' id='block_1_4' title="bbox 0 0 1250 4208">
    <p class='ocr_par' dir='ltr' id='par_1_8' title="bbox 0 0 1250 4208">
     <span class='ocr_line' id='line_1_36' title="bbox 0 0 1250 4208; baseline 0 2"><span class='ocrx_word' id='word_1_246' title='bbox 0 0 1250 4208; x_wconf 95' lang='lat' dir='ltr'><strong> </strong></span> 
     </span>
    </p>
   </div>
  </div>
 </body>
</html>
