<?xml version="1.0" encoding="UTF-8"?>
<!DOCTYPE html PUBLIC "-//W3C//DTD XHTML 1.0 Transitional//EN"
    "http://www.w3.org/TR/xhtml1/DTD/xhtml1-transitional.dtd">
<html xmlns="http://www.w3.org/1999/xhtml" xml:lang="en" lang="en">
 <head>
  <title>
</title>
<meta http-equiv="Content-Type" content="text/html;charset=utf-8" />
  <meta name='ocr-system' content='tesseract 3.04.00' />
  <meta name='ocr-capabilities' content='ocr_page ocr_carea ocr_par ocr_line ocrx_word'/>
</head>
<body>
  <div class='ocr_page' id='page_1' title='image "./publiovidiinaso00allegoog_0108.png"; bbox 0 0 2490 4208; ppageno 0'>
   <div class='ocr_carea' id='block_1_1' title="bbox 91 163 1143 257">
    <p class='ocr_par' dir='ltr' id='par_1_1' title="bbox 91 163 1143 257">
     <span class='ocr_line' id='line_1_1' title="bbox 91 163 1143 257; baseline -0.009 -19"><span class='ocrx_word' id='word_1_1' title='bbox 91 183 142 238; x_wconf 82' lang='lat' dir='ltr'><strong>lv.</strong></span> <span class='ocrx_word' id='word_1_2' title='bbox 155 182 213 256; x_wconf 85' lang='lat'><strong>95.]</strong></span> <span class='ocrx_word' id='word_1_3' title='bbox 274 169 437 257; x_wconf 77' lang='lat' dir='ltr'><strong>Meetc&#39;ng</strong></span> <span class='ocrx_word' id='word_1_4' title='bbox 455 167 620 256; x_wconf 70' lang='lat' dir='ltr'><strong>asse&#39;gmd</strong></span> <span class='ocrx_word' id='word_1_5' title='bbox 639 175 677 233; x_wconf 80' lang='lat' dir='ltr'><strong>at</strong></span> <span class='ocrx_word' id='word_1_6' title='bbox 698 163 828 234; x_wconf 78' lang='lat' dir='ltr'><strong>Ninas’</strong></span> <span class='ocrx_word' id='word_1_7' title='bbox 858 165 894 232; x_wconf 89' lang='lat' dir='ltr'><em>T</em></span> <span class='ocrx_word' id='word_1_8' title='bbox 888 166 974 232; x_wconf 80' lang='lat' dir='ltr'><strong>amb.</strong></span> <span class='ocrx_word' id='word_1_9' title='bbox 1099 182 1143 252; x_wconf 85' lang='lat'><strong>39</strong></span> 
     </span>
    </p>
   </div>
   <div class='ocr_carea' id='block_1_2' title="bbox 29 363 1220 3868">
    <p class='ocr_par' dir='ltr' id='par_1_2' title="bbox 91 363 896 454">
     <span class='ocr_line' id='line_1_2' title="bbox 91 363 896 454; baseline -0.006 -22"><span class='ocrx_word' id='word_1_10' title='bbox 91 388 137 432; x_wconf 87' lang='lat' dir='ltr'><strong>ex</strong></span> <span class='ocrx_word' id='word_1_11' title='bbox 153 388 264 454; x_wconf 89' lang='lat' dir='ltr'><strong>aequo</strong></span> <span class='ocrx_word' id='word_1_12' title='bbox 280 367 388 452; x_wconf 90' lang='lat' dir='ltr'><strong>captis</strong></span> <span class='ocrx_word' id='word_1_13' title='bbox 404 365 571 431; x_wconf 86' lang='lat' dir='ltr'><strong>ardebant</strong></span> <span class='ocrx_word' id='word_1_14' title='bbox 586 363 757 431; x_wconf 89' lang='lat' dir='ltr'><strong>mentibus</strong></span> <span class='ocrx_word' id='word_1_15' title='bbox 773 364 896 429; x_wconf 79' lang='lat' dir='ltr'><strong>ambo:</strong></span> 
     </span>
    </p>

    <p class='ocr_par' dir='ltr' id='par_1_3' title="bbox 91 471 1094 666">
     <span class='ocr_line' id='line_1_3' title="bbox 91 471 1029 559; baseline -0.003 -21"><span class='ocrx_word' id='word_1_16' title='bbox 91 473 251 559; x_wconf 70' lang='lat' dir='ltr'><strong>cqnscius</strong></span> <span class='ocrx_word' id='word_1_17' title='bbox 266 473 378 539; x_wconf 86' lang='lat' dir='ltr'><strong>omnis</strong></span> <span class='ocrx_word' id='word_1_18' title='bbox 394 473 510 547; x_wconf 83' lang='lat' dir='ltr'><strong>abest3</strong></span> <span class='ocrx_word' id='word_1_19' title='bbox 535 484 619 536; x_wconf 90' lang='lat' dir='ltr'><strong>nutu</strong></span> <span class='ocrx_word' id='word_1_20' title='bbox 636 471 814 558; x_wconf 83' lang='lat' dir='ltr'><strong>signisque</strong></span> <span class='ocrx_word' id='word_1_21' title='bbox 831 471 1029 557; x_wconf 87' lang='lat' dir='ltr'><strong>loquuntur.</strong></span> 
     </span>
     <span class='ocr_line' id='line_1_4' title="bbox 139 576 1094 666; baseline -0.006 -22"><span class='ocrx_word' id='word_1_22' title='bbox 139 577 416 666; x_wconf 78' lang='lat' dir='ltr'><strong>Qoquemagis</strong></span> <span class='ocrx_word' id='word_1_23' title='bbox 433 578 571 666; x_wconf 86' lang='lat' dir='ltr'><strong>tegitur,</strong></span> <span class='ocrx_word' id='word_1_24' title='bbox 588 589 697 642; x_wconf 90' lang='lat' dir='ltr'><strong>tectas</strong></span> <span class='ocrx_word' id='word_1_25' title='bbox 714 576 826 664; x_wconf 89' lang='lat' dir='ltr'><strong>magis</strong></span> <span class='ocrx_word' id='word_1_26' title='bbox 843 589 976 643; x_wconf 83' lang='lat' dir='ltr'><strong>aestuat</strong></span> <span class='ocrx_word' id='word_1_27' title='bbox 991 576 1094 664; x_wconf 81' lang='lat' dir='ltr'><strong>ignis.</strong></span> 
     </span>
    </p>

    <p class='ocr_par' dir='ltr' id='par_1_4' title="bbox 91 681 1142 768">
     <span class='ocr_line' id='line_1_5' title="bbox 91 681 1142 768; baseline -0.008 -18"><span class='ocrx_word' id='word_1_28' title='bbox 91 683 194 750; x_wconf 87' lang='lat' dir='ltr'><strong>fissus</strong></span> <span class='ocrx_word' id='word_1_29' title='bbox 210 692 283 747; x_wconf 90' lang='lat' dir='ltr'><strong>erat</strong></span> <span class='ocrx_word' id='word_1_30' title='bbox 297 683 391 748; x_wconf 90' lang='lat' dir='ltr'><strong>tenui</strong></span> <span class='ocrx_word' id='word_1_31' title='bbox 401 682 506 758; x_wconf 86' lang='lat' dir='ltr'><strong>rima,</strong></span> <span class='ocrx_word' id='word_1_32' title='bbox 525 703 629 768; x_wconf 85' lang='lat' dir='ltr'><strong>quarn</strong></span> <span class='ocrx_word' id='word_1_33' title='bbox 646 681 791 747; x_wconf 83' lang='lat' dir='ltr'><strong>duxerat</strong></span> <span class='ocrx_word' id='word_1_34' title='bbox 806 681 887 746; x_wconf 88' lang='lat' dir='ltr'><strong>olim</strong></span> <span class='ocrx_word' id='word_1_35' title='bbox 1108 696 1142 766; x_wconf 80' lang='lat'><strong>65</strong></span> 
     </span>
    </p>

    <p class='ocr_par' dir='ltr' id='par_1_5' title="bbox 92 787 932 879">
     <span class='ocr_line' id='line_1_6' title="bbox 92 787 932 879; baseline -0.006 -24"><span class='ocrx_word' id='word_1_36' title='bbox 92 811 173 855; x_wconf 86' lang='lat' dir='ltr'><strong>curn</strong></span> <span class='ocrx_word' id='word_1_37' title='bbox 189 789 297 879; x_wconf 71' lang='lat' dir='ltr'><strong>lieret,</strong></span> <span class='ocrx_word' id='word_1_38' title='bbox 315 788 428 874; x_wconf 86' lang='lat' dir='ltr'><strong>paries</strong></span> <span class='ocrx_word' id='word_1_39' title='bbox 444 788 562 854; x_wconf 89' lang='lat' dir='ltr'><strong>domui</strong></span> <span class='ocrx_word' id='word_1_40' title='bbox 575 787 770 853; x_wconf 80' lang='lat' dir='ltr'><strong>eommunis</strong></span> <span class='ocrx_word' id='word_1_41' title='bbox 787 787 932 875; x_wconf 78' lang='lat' dir='ltr'><strong>utrique.</strong></span> 
     </span>
    </p>

    <p class='ocr_par' dir='ltr' id='par_1_6' title="bbox 92 894 943 981">
     <span class='ocr_line' id='line_1_7' title="bbox 92 894 943 981; baseline -0.004 -21"><span class='ocrx_word' id='word_1_42' title='bbox 92 895 130 962; x_wconf 91' lang='lat' dir='ltr'><strong>id</strong></span> <span class='ocrx_word' id='word_1_43' title='bbox 145 895 263 960; x_wconf 88' lang='lat' dir='ltr'><strong>vitium</strong></span> <span class='ocrx_word' id='word_1_44' title='bbox 280 894 365 959; x_wconf 92' lang='lat' dir='ltr'><strong>nulli</strong></span> <span class='ocrx_word' id='word_1_45' title='bbox 381 916 443 981; x_wconf 83' lang='lat' dir='ltr'><strong>per</strong></span> <span class='ocrx_word' id='word_1_46' title='bbox 458 894 597 959; x_wconf 89' lang='lat' dir='ltr'><strong>saecula</strong></span> <span class='ocrx_word' id='word_1_47' title='bbox 614 894 719 981; x_wconf 85' lang='lat' dir='ltr'><strong>longa</strong></span> <span class='ocrx_word' id='word_1_48' title='bbox 735 905 943 977; x_wconf 87' lang='lat' dir='ltr'><strong>notatum-</strong></span> 
     </span>
    </p>

    <p class='ocr_par' dir='ltr' id='par_1_7' title="bbox 92 998 1028 1092">
     <span class='ocr_line' id='line_1_8' title="bbox 92 998 1028 1092; baseline 0.001 -26"><span class='ocrx_word' id='word_1_49' title='bbox 92 1001 177 1090; x_wconf 92' lang='lat' dir='ltr'><strong>quid</strong></span> <span class='ocrx_word' id='word_1_50' title='bbox 193 1023 262 1067; x_wconf 90' lang='lat' dir='ltr'><strong>non</strong></span> <span class='ocrx_word' id='word_1_51' title='bbox 278 1001 379 1066; x_wconf 88' lang='lat' dir='ltr'><strong>sentit</strong></span> <span class='ocrx_word' id='word_1_52' title='bbox 393 998 513 1066; x_wconf 85' lang='lat' dir='ltr'><strong>amor?</strong></span> <span class='ocrx_word' id='word_1_53' title='bbox 526 999 705 1092; x_wconf 41' lang='lat' dir='ltr'><strong>-prin-ri-</strong></span> <span class='ocrx_word' id='word_1_54' title='bbox 696 999 840 1076; x_wconf 87' lang='lat' dir='ltr'><strong>vidistis,</strong></span> <span class='ocrx_word' id='word_1_55' title='bbox 859 1010 1028 1077; x_wconf 88' lang='lat' dir='ltr'><strong>amantes,</strong></span> 
     </span>
    </p>

    <p class='ocr_par' dir='ltr' id='par_1_8' title="bbox 93 1106 840 1200">
     <span class='ocr_line' id='line_1_9' title="bbox 93 1106 840 1200; baseline -0.003 -26"><span class='ocrx_word' id='word_1_56' title='bbox 93 1121 128 1174; x_wconf 92' lang='lat' dir='ltr'><strong>et</strong></span> <span class='ocrx_word' id='word_1_57' title='bbox 142 1107 237 1200; x_wconf 67' lang='lat' dir='ltr'><strong>vocis</strong></span> <span class='ocrx_word' id='word_1_58' title='bbox 254 1106 380 1172; x_wconf 84' lang='lat' dir='ltr'><strong>fecistis</strong></span> <span class='ocrx_word' id='word_1_59' title='bbox 396 1107 479 1181; x_wconf 89' lang='lat' dir='ltr'><strong>iter;</strong></span> <span class='ocrx_word' id='word_1_60' title='bbox 503 1117 662 1192; x_wconf 91' lang='lat' dir='ltr'><strong>tutaeque</strong></span> <span class='ocrx_word' id='word_1_61' title='bbox 678 1127 740 1192; x_wconf 90' lang='lat' dir='ltr'><strong>per</strong></span> <span class='ocrx_word' id='word_1_62' title='bbox 753 1106 840 1172; x_wconf 89' lang='lat' dir='ltr'><strong>illud</strong></span> 
     </span>
    </p>

    <p class='ocr_par' dir='ltr' id='par_1_9' title="bbox 94 1196 1146 1298">
     <span class='ocr_line' id='line_1_10' title="bbox 94 1196 1146 1298; baseline 0.003 -18"><span class='ocrx_word' id='word_1_63' title='bbox 94 1196 269 1280; x_wconf 88' lang='lat' dir='ltr'><strong>marmure</strong></span> <span class='ocrx_word' id='word_1_64' title='bbox 285 1212 471 1280; x_wconf 85' lang='lat' dir='ltr'><strong>blanditiae</strong></span> <span class='ocrx_word' id='word_1_65' title='bbox 487 1213 629 1278; x_wconf 90' lang='lat' dir='ltr'><strong>minimo</strong></span> <span class='ocrx_word' id='word_1_66' title='bbox 645 1213 789 1278; x_wconf 88' lang='lat' dir='ltr'><strong>transire</strong></span> <span class='ocrx_word' id='word_1_67' title='bbox 805 1213 972 1279; x_wconf 86' lang='lat' dir='ltr'><strong>solebant.</strong></span> <span class='ocrx_word' id='word_1_68' title='bbox 1111 1243 1146 1298; x_wconf 85' lang='lat'><strong>70</strong></span> 
     </span>
    </p>

    <p class='ocr_par' dir='ltr' id='par_1_10' title="bbox 29 1307 1113 1408">
     <span class='ocr_line' id='line_1_11' title="bbox 29 1307 1113 1408; baseline -0.004 -21"><span class='ocrx_word' id='word_1_69' title='bbox 29 1307 212 1408; x_wconf 52' lang='lat' dir='ltr'><strong>=‘’saepe,</strong></span> <span class='ocrx_word' id='word_1_70' title='bbox 230 1320 288 1385; x_wconf 92' lang='lat' dir='ltr'><strong>ubi</strong></span> <span class='ocrx_word' id='word_1_71' title='bbox 305 1318 538 1395; x_wconf 86' lang='lat' dir='ltr'><strong>constiterant,</strong></span> <span class='ocrx_word' id='word_1_72' title='bbox 556 1319 638 1403; x_wconf 87' lang='lat' dir='ltr'><strong>hinc</strong></span> <span class='ocrx_word' id='word_1_73' title='bbox 654 1319 799 1396; x_wconf 87' lang='lat' dir='ltr'><strong>Thisbe,</strong></span> <span class='ocrx_word' id='word_1_74' title='bbox 817 1319 989 1406; x_wconf 87' lang='lat' dir='ltr'><strong>Pyramus</strong></span> <span class='ocrx_word' id='word_1_75' title='bbox 1005 1318 1113 1396; x_wconf 91' lang='lat' dir='ltr'><strong>illinc,</strong></span> 
     </span>
    </p>

    <p class='ocr_par' dir='ltr' id='par_1_11' title="bbox 94 1424 891 1514">
     <span class='ocr_line' id='line_1_12' title="bbox 94 1424 891 1514; baseline -0.003 -22"><span class='ocrx_word' id='word_1_76' title='bbox 94 1426 199 1514; x_wconf 89' lang='lat' dir='ltr'><strong>inque</strong></span> <span class='ocrx_word' id='word_1_77' title='bbox 215 1426 307 1492; x_wconf 91' lang='lat' dir='ltr'><strong>vices</strong></span> <span class='ocrx_word' id='word_1_78' title='bbox 323 1427 434 1491; x_wconf 90' lang='lat' dir='ltr'><strong>suerat</strong></span> <span class='ocrx_word' id='word_1_79' title='bbox 451 1436 606 1512; x_wconf 86' lang='lat' dir='ltr'><strong>captatus</strong></span> <span class='ocrx_word' id='word_1_80' title='bbox 623 1424 794 1505; x_wconf 81' lang='lat' dir='ltr'><strong>anhelitus</strong></span> <span class='ocrx_word' id='word_1_81' title='bbox 809 1425 891 1501; x_wconf 84' lang='lat' dir='ltr'><strong>oris,</strong></span> 
     </span>
    </p>

    <p class='ocr_par' dir='ltr' id='par_1_12' title="bbox 96 1529 1068 1621">
     <span class='ocr_line' id='line_1_13' title="bbox 96 1529 1068 1621; baseline -0.002 -22"><span class='ocrx_word' id='word_1_82' title='bbox 96 1546 106 1575; x_wconf 82' lang='lat'>⁴</span> <span class='ocrx_word' id='word_1_83' title='bbox 120 1533 259 1599; x_wconf 88' lang='lat' dir='ltr'><strong>lnvide’</strong></span> <span class='ocrx_word' id='word_1_84' title='bbox 274 1532 435 1600; x_wconf 88' lang='lat' dir='ltr'><strong>dicebant</strong></span> <span class='ocrx_word' id='word_1_85' title='bbox 451 1545 462 1575; x_wconf 79' lang='lat'><strong><em>⁴</em></strong></span> <span class='ocrx_word' id='word_1_86' title='bbox 476 1533 602 1619; x_wconf 87' lang='lat' dir='ltr'><strong>paries,</strong></span> <span class='ocrx_word' id='word_1_87' title='bbox 620 1533 703 1621; x_wconf 92' lang='lat' dir='ltr'><strong>quid</strong></span> <span class='ocrx_word' id='word_1_88' title='bbox 720 1533 914 1599; x_wconf 84' lang='lat' dir='ltr'><strong>amantibus</strong></span> <span class='ocrx_word' id='word_1_89' title='bbox 930 1529 1068 1599; x_wconf 84' lang='lat' dir='ltr'><strong>obstas?</strong></span> 
     </span>
    </p>

    <p class='ocr_par' dir='ltr' id='par_1_13' title="bbox 95 1638 1014 1735">
     <span class='ocr_line' id='line_1_14' title="bbox 95 1638 1014 1735; baseline 0 -31"><span class='ocrx_word' id='word_1_90' title='bbox 95 1652 260 1727; x_wconf 88' lang='lat' dir='ltr'><strong>quantum</strong></span> <span class='ocrx_word' id='word_1_91' title='bbox 276 1652 362 1717; x_wconf 89' lang='lat' dir='ltr'><strong>erat,</strong></span> <span class='ocrx_word' id='word_1_92' title='bbox 379 1651 417 1706; x_wconf 85' lang='lat' dir='ltr'><strong>ut</strong></span> <span class='ocrx_word' id='word_1_93' title='bbox 431 1639 562 1706; x_wconf 88' lang='lat' dir='ltr'><strong>sineres</strong></span> <span class='ocrx_word' id='word_1_94' title='bbox 577 1650 647 1706; x_wconf 90' lang='lat' dir='ltr'><strong>toto</strong></span> <span class='ocrx_word' id='word_1_95' title='bbox 664 1661 726 1705; x_wconf 91' lang='lat' dir='ltr'><strong>nos</strong></span> <span class='ocrx_word' id='word_1_96' title='bbox 743 1660 886 1725; x_wconf 89' lang='lat' dir='ltr'><strong>corpore</strong></span> <span class='ocrx_word' id='word_1_97' title='bbox 898 1638 1014 1735; x_wconf 63' lang='lat' dir='ltr'><strong>jungi,</strong></span> 
     </span>
    </p>

    <p class='ocr_par' dir='ltr' id='par_1_14' title="bbox 95 1743 1145 1834">
     <span class='ocr_line' id='line_1_15' title="bbox 95 1743 1145 1834; baseline -0.001 -23"><span class='ocrx_word' id='word_1_98' title='bbox 95 1757 154 1811; x_wconf 89' lang='lat' dir='ltr'><strong>aut</strong></span> <span class='ocrx_word' id='word_1_99' title='bbox 170 1746 236 1812; x_wconf 91' lang='lat' dir='ltr'><strong>hoc</strong></span> <span class='ocrx_word' id='word_1_100' title='bbox 251 1745 280 1812; x_wconf 90' lang='lat' dir='ltr'><strong>si</strong></span> <span class='ocrx_word' id='word_1_101' title='bbox 296 1746 453 1823; x_wconf 91' lang='lat' dir='ltr'><strong>nimium,</strong></span> <span class='ocrx_word' id='word_1_102' title='bbox 469 1747 526 1812; x_wconf 83' lang='lat' dir='ltr'><strong>vel</strong></span> <span class='ocrx_word' id='word_1_103' title='bbox 543 1746 587 1812; x_wconf 93' lang='lat' dir='ltr'><strong>ad</strong></span> <span class='ocrx_word' id='word_1_104' title='bbox 602 1747 722 1811; x_wconf 88' lang='lat' dir='ltr'><strong>oscula</strong></span> <span class='ocrx_word' id='word_1_105' title='bbox 738 1746 854 1812; x_wconf 88' lang='lat' dir='ltr'><strong>danda</strong></span> <span class='ocrx_word' id='word_1_106' title='bbox 870 1743 1027 1832; x_wconf 89' lang='lat' dir='ltr'><strong>pateresl</strong></span> <span class='ocrx_word' id='word_1_107' title='bbox 1112 1775 1145 1834; x_wconf 84' lang='lat'><strong>75</strong></span> 
     </span>
    </p>

    <p class='ocr_par' dir='ltr' id='par_1_15' title="bbox 95 1853 937 1944">
     <span class='ocr_line' id='line_1_16' title="bbox 95 1853 937 1944; baseline -0.001 -25"><span class='ocrx_word' id='word_1_108' title='bbox 95 1875 160 1920; x_wconf 91' lang='lat' dir='ltr'><strong>nec</strong></span> <span class='ocrx_word' id='word_1_109' title='bbox 175 1875 295 1920; x_wconf 88' lang='lat' dir='ltr'><strong>sumus</strong></span> <span class='ocrx_word' id='word_1_110' title='bbox 310 1853 457 1944; x_wconf 81' lang='lat' dir='ltr'><strong>ingrati3</strong></span> <span class='ocrx_word' id='word_1_111' title='bbox 480 1853 541 1919; x_wconf 88' lang='lat' dir='ltr'><strong>tibi</strong></span> <span class='ocrx_word' id='word_1_112' title='bbox 558 1875 620 1920; x_wconf 89' lang='lat' dir='ltr'><strong>nos</strong></span> <span class='ocrx_word' id='word_1_113' title='bbox 637 1853 763 1919; x_wconf 90' lang='lat' dir='ltr'><strong>debere</strong></span> <span class='ocrx_word' id='word_1_114' title='bbox 779 1853 937 1930; x_wconf 83' lang='lat' dir='ltr'><strong>fatemur,</strong></span> 
     </span>
    </p>

    <p class='ocr_par' dir='ltr' id='par_1_16' title="bbox 95 1959 1025 2055">
     <span class='ocr_line' id='line_1_17' title="bbox 95 1959 1025 2055; baseline 0.001 -30"><span class='ocrx_word' id='word_1_115' title='bbox 95 1962 187 2047; x_wconf 92' lang='lat' dir='ltr'><strong>quod</strong></span> <span class='ocrx_word' id='word_1_116' title='bbox 203 1960 302 2026; x_wconf 90' lang='lat' dir='ltr'><strong>datus</strong></span> <span class='ocrx_word' id='word_1_117' title='bbox 318 1970 370 2026; x_wconf 91' lang='lat' dir='ltr'><strong>est</strong></span> <span class='ocrx_word' id='word_1_118' title='bbox 385 1959 497 2055; x_wconf 71' lang='lat' dir='ltr'><strong>verbis</strong></span> <span class='ocrx_word' id='word_1_119' title='bbox 514 1960 560 2026; x_wconf 90' lang='lat' dir='ltr'><strong>ad</strong></span> <span class='ocrx_word' id='word_1_120' title='bbox 576 1961 707 2025; x_wconf 89' lang='lat' dir='ltr'><strong>amicas</strong></span> <span class='ocrx_word' id='word_1_121' title='bbox 723 1959 884 2041; x_wconf 37' lang='lat' dir='ltr'><strong>nauatae</strong></span> <span class='ocrx_word' id='word_1_122' title='bbox 900 1959 1025 2026; x_wconf 87' lang='lat' dir='ltr'><strong>aures.&#39;</strong></span> 
     </span>
    </p>

    <p class='ocr_par' dir='ltr' id='par_1_17' title="bbox 94 2065 784 2154">
     <span class='ocr_line' id='line_1_18' title="bbox 94 2065 784 2154; baseline -0.003 -22"><span class='ocrx_word' id='word_1_123' title='bbox 94 2067 176 2132; x_wconf 90' lang='lat' dir='ltr'><strong>talia</strong></span> <span class='ocrx_word' id='word_1_124' title='bbox 192 2065 332 2133; x_wconf 76' lang='lat' dir='ltr'><strong>diversa‘</strong></span> <span class='ocrx_word' id='word_1_125' title='bbox 344 2066 553 2154; x_wconf 90' lang='lat' dir='ltr'><strong>nequiquam</strong></span> <span class='ocrx_word' id='word_1_126' title='bbox 570 2066 651 2132; x_wconf 88' lang='lat' dir='ltr'><strong>sede</strong></span> <span class='ocrx_word' id='word_1_127' title='bbox 668 2066 784 2142; x_wconf 89' lang='lat' dir='ltr'><strong>locuti,</strong></span> 
     </span>
    </p>

    <p class='ocr_par' dir='ltr' id='par_1_18' title="bbox 95 2172 866 2261">
     <span class='ocr_line' id='line_1_19' title="bbox 95 2172 866 2261; baseline 0.001 -23"><span class='ocrx_word' id='word_1_128' title='bbox 95 2172 159 2238; x_wconf 91' lang='lat' dir='ltr'><strong>sub</strong></span> <span class='ocrx_word' id='word_1_129' title='bbox 175 2185 309 2238; x_wconf 88' lang='lat' dir='ltr'><strong>noctem</strong></span> <span class='ocrx_word' id='word_1_130' title='bbox 326 2172 444 2238; x_wconf 83' lang='lat' dir='ltr'><strong>dixere</strong></span> <span class='ocrx_word' id='word_1_131' title='bbox 459 2173 550 2248; x_wconf 90' lang='lat' dir='ltr'><strong>vale,</strong></span> <span class='ocrx_word' id='word_1_132' title='bbox 568 2172 723 2261; x_wconf 88' lang='lat' dir='ltr'><strong>partique</strong></span> <span class='ocrx_word' id='word_1_133' title='bbox 739 2173 866 2240; x_wconf 90' lang='lat' dir='ltr'><strong>dedere</strong></span> 
     </span>
    </p>

    <p class='ocr_par' dir='ltr' id='par_1_19' title="bbox 90 2281 1148 2480">
     <span class='ocr_line' id='line_1_20' title="bbox 90 2281 1148 2369; baseline 0.009 -21"><span class='ocrx_word' id='word_1_134' title='bbox 90 2281 213 2348; x_wconf 84' lang='lat' dir='ltr'><strong>oscula</strong></span> <span class='ocrx_word' id='word_1_135' title='bbox 230 2282 373 2369; x_wconf 88' lang='lat' dir='ltr'><strong>quisque</strong></span> <span class='ocrx_word' id='word_1_136' title='bbox 388 2304 473 2348; x_wconf 89' lang='lat' dir='ltr'><strong>suae</strong></span> <span class='ocrx_word' id='word_1_137' title='bbox 488 2305 559 2349; x_wconf 90' lang='lat' dir='ltr'><strong>non</strong></span> <span class='ocrx_word' id='word_1_138' title='bbox 576 2282 809 2369; x_wconf 86' lang='lat' dir='ltr'><strong>pervenientia</strong></span> <span class='ocrx_word' id='word_1_139' title='bbox 827 2295 957 2352; x_wconf 88' lang='lat' dir='ltr'><strong>contra.</strong></span> <span class='ocrx_word' id='word_1_140' title='bbox 1112 2302 1148 2357; x_wconf 90' lang='lat'><strong>80</strong></span> 
     </span>
     <span class='ocr_line' id='line_1_21' title="bbox 138 2388 957 2480; baseline 0.005 -26"><span class='ocrx_word' id='word_1_141' title='bbox 138 2388 281 2474; x_wconf 86' lang='lat' dir='ltr'><strong>Postera</strong></span> <span class='ocrx_word' id='word_1_142' title='bbox 296 2402 481 2456; x_wconf 89' lang='lat' dir='ltr'><strong>nocturnos</strong></span> <span class='ocrx_word' id='word_1_143' title='bbox 497 2395 621 2456; x_wconf 85' lang='lat' dir='ltr'><strong>auro&#39;ra</strong></span> <span class='ocrx_word' id='word_1_144' title='bbox 637 2402 830 2458; x_wconf 86' lang='lat' dir='ltr'><strong>removerat</strong></span> <span class='ocrx_word' id='word_1_145' title='bbox 844 2392 957 2480; x_wconf 84' lang='lat' dir='ltr'><strong>ignes,</strong></span> 
     </span>
    </p>

    <p class='ocr_par' dir='ltr' id='par_1_20' title="bbox 95 2495 921 2583">
     <span class='ocr_line' id='line_1_22' title="bbox 95 2495 921 2583; baseline -0.001 -20"><span class='ocrx_word' id='word_1_146' title='bbox 95 2496 213 2583; x_wconf 91' lang='lat' dir='ltr'><strong>solque</strong></span> <span class='ocrx_word' id='word_1_147' title='bbox 229 2495 411 2582; x_wconf 90' lang='lat' dir='ltr'><strong>pruinosas</strong></span> <span class='ocrx_word' id='word_1_148' title='bbox 424 2497 530 2564; x_wconf 89' lang='lat' dir='ltr'><strong>radiis</strong></span> <span class='ocrx_word' id='word_1_149' title='bbox 545 2497 736 2565; x_wconf 88' lang='lat' dir='ltr'><strong>siccaverat</strong></span> <span class='ocrx_word' id='word_1_150' title='bbox 751 2499 897 2565; x_wconf 82' lang='lat' dir='ltr'><strong>herbas:</strong></span> <span class='ocrx_word' id='word_1_151' title='bbox 920 2515 921 2519; x_wconf 73' lang='grc'>’</span> 
     </span>
    </p>

    <p class='ocr_par' dir='ltr' id='par_1_21' title="bbox 95 2605 1019 2693">
     <span class='ocr_line' id='line_1_23' title="bbox 95 2605 1019 2693; baseline 0.005 -24"><span class='ocrx_word' id='word_1_152' title='bbox 95 2605 291 2671; x_wconf 88' lang='lat' dir='ltr'><strong>adsolitum</strong></span> <span class='ocrx_word' id='word_1_153' title='bbox 307 2608 420 2672; x_wconf 87' lang='lat' dir='ltr'><strong>coiere</strong></span> <span class='ocrx_word' id='word_1_154' title='bbox 435 2606 562 2672; x_wconf 89' lang='lat' dir='ltr'><strong>locum.</strong></span> <span class='ocrx_word' id='word_1_155' title='bbox 609 2606 703 2672; x_wconf 91' lang='lat' dir='ltr'><strong>Tum</strong></span> <span class='ocrx_word' id='word_1_156' title='bbox 721 2627 894 2671; x_wconf 89' lang='lat' dir='ltr'><strong>murmure</strong></span> <span class='ocrx_word' id='word_1_157' title='bbox 911 2628 1019 2693; x_wconf 88' lang='lat' dir='ltr'><strong>parvo</strong></span> 
     </span>
    </p>

    <p class='ocr_par' dir='ltr' id='par_1_22' title="bbox 53 2712 1145 2917">
     <span class='ocr_line' id='line_1_24' title="bbox 53 2712 914 2800; baseline 0 -24"><span class='ocrx_word' id='word_1_158' title='bbox 53 2746 55 2756; x_wconf 92' lang='lat'>·</span> <span class='ocrx_word' id='word_1_159' title='bbox 94 2712 201 2778; x_wconf 88' lang='lat' dir='ltr'><strong>multa</strong></span> <span class='ocrx_word' id='word_1_160' title='bbox 218 2712 311 2799; x_wconf 90' lang='lat' dir='ltr'><strong>prius</strong></span> <span class='ocrx_word' id='word_1_161' title='bbox 326 2713 450 2800; x_wconf 87' lang='lat' dir='ltr'><strong>questi,</strong></span> <span class='ocrx_word' id='word_1_162' title='bbox 468 2723 619 2780; x_wconf 88' lang='lat' dir='ltr'><strong>statuunt</strong></span> <span class='ocrx_word' id='word_1_163' title='bbox 634 2725 671 2780; x_wconf 92' lang='lat' dir='ltr'><strong>ut</strong></span> <span class='ocrx_word' id='word_1_164' title='bbox 686 2726 785 2780; x_wconf 88' lang='lat' dir='ltr'><strong>nocte</strong></span> <span class='ocrx_word' id='word_1_165' title='bbox 802 2712 914 2778; x_wconf 91' lang='lat' dir='ltr'><strong>silenti</strong></span> 
     </span>
     <span class='ocr_line' id='line_1_25' title="bbox 71 2819 1145 2917; baseline -0.001 -33"><span class='ocrx_word' id='word_1_166' title='bbox 71 2819 74 2824; x_wconf 70' lang='grc'><strong><em>’</em></strong></span> <span class='ocrx_word' id='word_1_167' title='bbox 94 2821 213 2917; x_wconf 55' lang='lat' dir='ltr'><strong>labere</strong></span> <span class='ocrx_word' id='word_1_168' title='bbox 229 2821 387 2886; x_wconf 89' lang='lat' dir='ltr'><strong>custodes</strong></span> <span class='ocrx_word' id='word_1_169' title='bbox 404 2819 600 2908; x_wconf 83' lang='lat' dir='ltr'><strong>foribusque</strong></span> <span class='ocrx_word' id='word_1_170' title='bbox 616 2821 785 2887; x_wconf 85' lang='lat' dir='ltr'><strong>excedere</strong></span> <span class='ocrx_word' id='word_1_171' title='bbox 801 2830 979 2907; x_wconf 78' lang='lat' dir='ltr'><strong>ternptent,</strong></span> <span class='ocrx_word' id='word_1_172' title='bbox 1111 2838 1145 2908; x_wconf 78' lang='lat'><strong>85</strong></span> 
     </span>
    </p>

    <p class='ocr_par' dir='ltr' id='par_1_23' title="bbox 95 2911 1132 3014">
     <span class='ocr_line' id='line_1_26' title="bbox 95 2925 1132 3014; baseline 0 -23"><span class='ocrx_word' id='word_1_173' title='bbox 95 2940 242 3013; x_wconf 87' lang='lat' dir='ltr'><strong>cumque</strong></span> <span class='ocrx_word' id='word_1_174' title='bbox 257 2926 360 2992; x_wconf 88' lang='lat' dir='ltr'><strong>domo</strong></span> <span class='ocrx_word' id='word_1_175' title='bbox 376 2926 533 3001; x_wconf 84' lang='lat' dir='ltr'><strong>exierint,</strong></span> <span class='ocrx_word' id='word_1_176' title='bbox 552 2927 646 2992; x_wconf 90' lang='lat' dir='ltr'><strong>urbis</strong></span> <span class='ocrx_word' id='word_1_177' title='bbox 661 2947 796 3014; x_wconf 91' lang='lat' dir='ltr'><strong>quoque</strong></span> <span class='ocrx_word' id='word_1_178' title='bbox 812 2937 900 2991; x_wconf 90' lang='lat' dir='ltr'><strong>tecta</strong></span> <span class='ocrx_word' id='word_1_179' title='bbox 916 2925 1132 3012; x_wconf 89' lang='lat' dir='ltr'><strong>relinquant;</strong></span> 
     </span>
    </p>

    <p class='ocr_par' dir='ltr' id='par_1_24' title="bbox 94 3032 1220 3126">
     <span class='ocr_line' id='line_1_27' title="bbox 94 3032 1220 3126; baseline -0.004 -29"><span class='ocrx_word' id='word_1_180' title='bbox 94 3054 180 3099; x_wconf 89' lang='lat' dir='ltr'><strong>neve</strong></span> <span class='ocrx_word' id='word_1_181' title='bbox 197 3032 240 3098; x_wconf 84' lang='lat' dir='ltr'><strong>sit</strong></span> <span class='ocrx_word' id='word_1_182' title='bbox 254 3033 439 3126; x_wconf 79' lang='lat' dir='ltr'><strong>errandum</strong></span> <span class='ocrx_word' id='word_1_183' title='bbox 455 3033 524 3099; x_wconf 90' lang='lat' dir='ltr'><strong>lato</strong></span> <span class='ocrx_word' id='word_1_184' title='bbox 541 3033 765 3119; x_wconf 85' lang='lat' dir='ltr'><strong>spatiantibus</strong></span> <span class='ocrx_word' id='word_1_185' title='bbox 783 3053 877 3108; x_wconf 87' lang='lat' dir='ltr'><strong>arvo,</strong></span> <span class='ocrx_word' id='word_1_186' title='bbox 1165 3036 1220 3121; x_wconf 56' lang='lat'><em>(35.-</em></span> 
     </span>
    </p>

    <p class='ocr_par' dir='ltr' id='par_1_25' title="bbox 95 3137 1020 3226">
     <span class='ocr_line' id='line_1_28' title="bbox 95 3137 1020 3226; baseline -0.002 -23"><span class='ocrx_word' id='word_1_187' title='bbox 95 3139 300 3206; x_wconf 89' lang='lat' dir='ltr'><strong>conveniant</strong></span> <span class='ocrx_word' id='word_1_188' title='bbox 316 3140 359 3205; x_wconf 92' lang='lat' dir='ltr'><strong>ad</strong></span> <span class='ocrx_word' id='word_1_189' title='bbox 375 3138 474 3204; x_wconf 89' lang='lat' dir='ltr'><strong>busta</strong></span> <span class='ocrx_word' id='word_1_190' title='bbox 491 3137 588 3215; x_wconf 76' lang='lat' dir='ltr'><strong>Nini,</strong></span> <span class='ocrx_word' id='word_1_191' title='bbox 607 3139 801 3226; x_wconf 89' lang='lat' dir='ltr'><strong>lateantque</strong></span> <span class='ocrx_word' id='word_1_192' title='bbox 816 3138 880 3204; x_wconf 88' lang='lat' dir='ltr'><strong>sub</strong></span> <span class='ocrx_word' id='word_1_193' title='bbox 894 3138 1020 3202; x_wconf 86' lang='lat' dir='ltr'><strong>umbra</strong></span> 
     </span>
    </p>

    <p class='ocr_par' dir='ltr' id='par_1_26' title="bbox 96 3220 874 3331">
     <span class='ocr_line' id='line_1_29' title="bbox 96 3220 874 3331; baseline 0 -21"><span class='ocrx_word' id='word_1_194' title='bbox 96 3220 247 3312; x_wconf 59' lang='lat' dir='ltr'><strong>arbffisz</strong></span> <span class='ocrx_word' id='word_1_195' title='bbox 271 3245 372 3311; x_wconf 90' lang='lat' dir='ltr'><strong>arbor</strong></span> <span class='ocrx_word' id='word_1_196' title='bbox 387 3245 434 3310; x_wconf 89' lang='lat' dir='ltr'><strong>ibi</strong></span> <span class='ocrx_word' id='word_1_197' title='bbox 451 3245 559 3311; x_wconf 86' lang='lat' dir='ltr'><strong>niveis</strong></span> <span class='ocrx_word' id='word_1_198' title='bbox 575 3245 747 3311; x_wconf 88' lang='lat' dir='ltr'><strong>uberrima</strong></span> <span class='ocrx_word' id='word_1_199' title='bbox 763 3245 874 3331; x_wconf 90' lang='lat' dir='ltr'><strong>pomis</strong></span> 
     </span>
    </p>

    <p class='ocr_par' dir='ltr' id='par_1_27' title="bbox 96 3350 1145 3543">
     <span class='ocr_line' id='line_1_30' title="bbox 96 3350 1145 3442; baseline -0.001 -26"><span class='ocrx_word' id='word_1_200' title='bbox 96 3352 203 3417; x_wconf 91' lang='lat' dir='ltr'><strong>ardua</strong></span> <span class='ocrx_word' id='word_1_201' title='bbox 219 3373 335 3418; x_wconf 89' lang='lat' dir='ltr'><strong>morus</strong></span> <span class='ocrx_word' id='word_1_202' title='bbox 351 3362 436 3428; x_wconf 89' lang='lat' dir='ltr'><strong>erat,</strong></span> <span class='ocrx_word' id='word_1_203' title='bbox 454 3351 570 3439; x_wconf 85' lang='lat' dir='ltr'><strong>gelido</strong></span> <span class='ocrx_word' id='word_1_204' title='bbox 586 3352 798 3417; x_wconf 89' lang='lat' dir='ltr'><strong>contermina</strong></span> <span class='ocrx_word' id='word_1_205' title='bbox 816 3350 916 3416; x_wconf 84' lang='lat' dir='ltr'><strong>fonti.¹</strong></span> <span class='ocrx_word' id='word_1_206' title='bbox 1108 3386 1145 3442; x_wconf 86' lang='lat'><strong>90</strong></span> 
     </span>
     <span class='ocr_line' id='line_1_31' title="bbox 139 3456 976 3543; baseline -0.002 -19"><span class='ocrx_word' id='word_1_207' title='bbox 139 3456 246 3524; x_wconf 89' lang='lat' dir='ltr'><strong>Pacta</strong></span> <span class='ocrx_word' id='word_1_208' title='bbox 262 3458 420 3543; x_wconf 83' lang='lat' dir='ltr'><strong>placent3</strong></span> <span class='ocrx_word' id='word_1_209' title='bbox 444 3469 478 3523; x_wconf 90' lang='lat' dir='ltr'><strong>et</strong></span> <span class='ocrx_word' id='word_1_210' title='bbox 493 3458 566 3534; x_wconf 89' lang='lat' dir='ltr'><strong>lux,</strong></span> <span class='ocrx_word' id='word_1_211' title='bbox 584 3458 680 3523; x_wconf 87' lang='lat' dir='ltr'><strong>tarde</strong></span> <span class='ocrx_word' id='word_1_212' title='bbox 697 3457 873 3524; x_wconf 89' lang='lat' dir='ltr'><strong>discedere</strong></span> <span class='ocrx_word' id='word_1_213' title='bbox 889 3458 976 3535; x_wconf 91' lang='lat' dir='ltr'><strong>visa,</strong></span> 
     </span>
    </p>

    <p class='ocr_par' dir='ltr' id='par_1_28' title="bbox 95 3563 1035 3654">
     <span class='ocr_line' id='line_1_32' title="bbox 95 3563 1035 3654; baseline -0.003 -23"><span class='ocrx_word' id='word_1_214' title='bbox 95 3564 337 3653; x_wconf 85' lang='lat' dir='ltr'><strong>praecipitatur</strong></span> <span class='ocrx_word' id='word_1_215' title='bbox 352 3563 462 3651; x_wconf 89' lang='lat' dir='ltr'><strong>aquis,</strong></span> <span class='ocrx_word' id='word_1_216' title='bbox 480 3575 513 3630; x_wconf 89' lang='lat' dir='ltr'><strong>et</strong></span> <span class='ocrx_word' id='word_1_217' title='bbox 529 3564 626 3654; x_wconf 87' lang='lat' dir='ltr'><strong>aquis</strong></span> <span class='ocrx_word' id='word_1_218' title='bbox 643 3585 712 3629; x_wconf 90' lang='lat' dir='ltr'><strong>nox</strong></span> <span class='ocrx_word' id='word_1_219' title='bbox 727 3565 838 3652; x_wconf 82' lang='lat' dir='ltr'><strong>surgit</strong></span> <span class='ocrx_word' id='word_1_220' title='bbox 854 3565 898 3629; x_wconf 90' lang='lat' dir='ltr'><strong>ab</strong></span> <span class='ocrx_word' id='word_1_221' title='bbox 913 3563 1035 3631; x_wconf 73' lang='lat' dir='ltr'><strong>isdem.</strong></span> 
     </span>
    </p>

    <p class='ocr_par' dir='ltr' id='par_1_29' title="bbox 95 3671 926 3757">
     <span class='ocr_line' id='line_1_33' title="bbox 95 3671 926 3757; baseline 0.001 -22"><span class='ocrx_word' id='word_1_222' title='bbox 95 3671 221 3749; x_wconf 71' lang='lat' dir='ltr'><strong>callida</strong></span> <span class='ocrx_word' id='word_1_223' title='bbox 236 3691 298 3757; x_wconf 90' lang='lat' dir='ltr'><strong>per</strong></span> <span class='ocrx_word' id='word_1_224' title='bbox 313 3672 471 3736; x_wconf 89' lang='lat' dir='ltr'><strong>tenebras</strong></span> <span class='ocrx_word' id='word_1_225' title='bbox 486 3676 622 3736; x_wconf 84' lang='lat' dir='ltr'><strong>versato</strong></span> <span class='ocrx_word' id='word_1_226' title='bbox 638 3671 777 3737; x_wconf 89' lang='lat' dir='ltr'><strong>cardine</strong></span> <span class='ocrx_word' id='word_1_227' title='bbox 793 3671 926 3736; x_wconf 89' lang='lat' dir='ltr'><strong>Thisbe</strong></span> 
     </span>
    </p>

    <p class='ocr_par' dir='ltr' id='par_1_30' title="bbox 95 3776 953 3868">
     <span class='ocr_line' id='line_1_34' title="bbox 95 3776 953 3868; baseline 0 -25"><span class='ocrx_word' id='word_1_228' title='bbox 95 3776 438 3867; x_wconf 80' lang='lat' dir='ltr'><strong>egreditur.sallitque</strong></span> <span class='ocrx_word' id='word_1_229' title='bbox 453 3798 548 3854; x_wconf 72' lang='lat' dir='ltr'><strong>suoS,</strong></span> <span class='ocrx_word' id='word_1_230' title='bbox 566 3778 800 3868; x_wconf 88' lang='lat' dir='ltr'><strong>adopertaque</strong></span> <span class='ocrx_word' id='word_1_231' title='bbox 813 3778 953 3844; x_wconf 79' lang='lat' dir='ltr'><strong>vultum</strong></span> 
     </span>
    </p>
   </div>
   <div class='ocr_carea' id='block_1_3' title="bbox 91 3882 1191 3982">
    <p class='ocr_par' dir='ltr' id='par_1_31' title="bbox 91 3882 1191 3982">
     <span class='ocr_line' id='line_1_35' title="bbox 91 3882 1191 3982; baseline 0.017 -38"><span class='ocrx_word' id='word_1_232' title='bbox 91 3882 308 3969; x_wconf 63' lang='lat' dir='ltr'><strong>parentari</strong></span> <span class='ocrx_word' id='word_1_233' title='bbox 318 3884 501 3966; x_wconf 86' lang='lat' dir='ltr'><strong>tumulum,</strong></span> <span class='ocrx_word' id='word_1_234' title='bbox 519 3885 687 3982; x_wconf 87' lang='lat' dir='ltr'><strong>dictaque</strong></span> <span class='ocrx_word' id='word_1_235' title='bbox 705 3891 773 3959; x_wconf 89' lang='lat' dir='ltr'><strong>sub</strong></span> <span class='ocrx_word' id='word_1_236' title='bbox 792 3891 924 3958; x_wconf 83' lang='lat' dir='ltr'><strong>arbore</strong></span> <span class='ocrx_word' id='word_1_237' title='bbox 940 3884 1048 3967; x_wconf 67' lang='lat' dir='ltr'><strong>sedh-</strong></span> <span class='ocrx_word' id='word_1_238' title='bbox 1145 3907 1191 3966; x_wconf 63' lang='lat' dir='ltr'><strong>as</strong></span> 
     </span>
    </p>
   </div>
   <div class='ocr_carea' id='block_1_4' title="bbox 0 0 1256 4208">
    <p class='ocr_par' dir='ltr' id='par_1_32' title="bbox 0 0 1256 4208">
     <span class='ocr_line' id='line_1_36' title="bbox 0 0 1256 4208; baseline 0 0"><span class='ocrx_word' id='word_1_239' title='bbox 0 0 1256 4208; x_wconf 95' lang='lat' dir='ltr'><strong> </strong></span> 
     </span>
    </p>
   </div>
  </div>
 </body>
</html>
