<?xml version="1.0" encoding="UTF-8"?>
<!DOCTYPE html PUBLIC "-//W3C//DTD XHTML 1.0 Transitional//EN"
    "http://www.w3.org/TR/xhtml1/DTD/xhtml1-transitional.dtd">
<html xmlns="http://www.w3.org/1999/xhtml" xml:lang="en" lang="en">
 <head>
  <title>
</title>
<meta http-equiv="Content-Type" content="text/html;charset=utf-8" />
  <meta name='ocr-system' content='tesseract 3.04.00' />
  <meta name='ocr-capabilities' content='ocr_page ocr_carea ocr_par ocr_line ocrx_word'/>
</head>
<body>
  <div class='ocr_page' id='page_1' title='image "./publiovidiinaso00allegoog_0282.png"; bbox 0 0 2490 4208; ppageno 0'>
   <div class='ocr_carea' id='block_1_1' title="bbox 94 58 1143 250">
    <p class='ocr_par' dir='ltr' id='par_1_1' title="bbox 94 58 1143 250">
     <span class='ocr_line' id='line_1_1' title="bbox 445 58 470 107; baseline 0 0"><span class='ocrx_word' id='word_1_1' title='bbox 445 58 470 107; x_wconf 78' lang='grc' dir='ltr'><strong><em>ο</em></strong></span> 
     </span>
     <span class='ocr_line' id='line_1_2' title="bbox 94 157 1143 250; baseline -0.005 -20"><span class='ocrx_word' id='word_1_2' title='bbox 94 174 277 250; x_wconf 82' lang='lat' dir='ltr'>x111.210.]</span> <span class='ocrx_word' id='word_1_3' title='bbox 328 236 332 243; x_wconf 53' lang='grc'><strong><em>,</em></strong></span> <span class='ocrx_word' id='word_1_4' title='bbox 398 157 470 227; x_wconf 73' lang='lat' dir='ltr'>Tae</span> <span class='ocrx_word' id='word_1_5' title='bbox 492 158 662 248; x_wconf 79' lang='lat' dir='ltr'>Embassy</span> <span class='ocrx_word' id='word_1_6' title='bbox 684 168 719 227; x_wconf 80' lang='lat' dir='ltr'>to</span> <span class='ocrx_word' id='word_1_7' title='bbox 749 158 855 248; x_wconf 81' lang='lat' dir='ltr'>Troy.</span> <span class='ocrx_word' id='word_1_8' title='bbox 1078 178 1143 244; x_wconf 79' lang='lat'>123</span> 
     </span>
    </p>
   </div>
   <div class='ocr_carea' id='block_1_2' title="bbox 91 352 1184 3980">
    <p class='ocr_par' dir='ltr' id='par_1_2' title="bbox 91 352 1184 3980">
     <span class='ocr_line' id='line_1_3' title="bbox 94 352 991 444; baseline 0.007 -27"><span class='ocrx_word' id='word_1_9' title='bbox 94 364 199 441; x_wconf 88' lang='lat' dir='ltr'>utque</span> <span class='ocrx_word' id='word_1_10' title='bbox 215 352 301 421; x_wconf 86' lang='lat' dir='ltr'>alios</span> <span class='ocrx_word' id='word_1_11' title='bbox 316 365 463 433; x_wconf 82' lang='lat' dir='ltr'>taceam,</span> <span class='ocrx_word' id='word_1_12' title='bbox 481 356 539 444; x_wconf 91' lang='lat' dir='ltr'>qui</span> <span class='ocrx_word' id='word_1_13' title='bbox 552 378 698 422; x_wconf 90' lang='lat' dir='ltr'>saevum</span> <span class='ocrx_word' id='word_1_14' title='bbox 714 357 858 443; x_wconf 89' lang='lat' dir='ltr'>perdere</span> <span class='ocrx_word' id='word_1_15' title='bbox 874 367 991 442; x_wconf 86' lang='lat' dir='ltr'>posset</span> 
     </span>
     <span class='ocr_line' id='line_1_4' title="bbox 96 461 1096 553; baseline 0.003 -27"><span class='ocrx_word' id='word_1_16' title='bbox 96 461 262 538; x_wconf 87' lang='lat' dir='ltr'>Hectora,</span> <span class='ocrx_word' id='word_1_17' title='bbox 280 483 404 550; x_wconf 89' lang='lat' dir='ltr'>nempe</span> <span class='ocrx_word' id='word_1_18' title='bbox 420 464 522 530; x_wconf 83' lang='lat' dir='ltr'>dedi:</span> <span class='ocrx_word' id='word_1_19' title='bbox 545 485 607 549; x_wconf 92' lang='lat' dir='ltr'>per</span> <span class='ocrx_word' id='word_1_20' title='bbox 624 486 678 529; x_wconf 89' lang='lat' dir='ltr'>me</span> <span class='ocrx_word' id='word_1_21' title='bbox 690 465 784 553; x_wconf 85' lang='lat' dir='ltr'>jacet</span> <span class='ocrx_word' id='word_1_22' title='bbox 800 465 934 530; x_wconf 86' lang='lat' dir='ltr'>inclitus</span> <span class='ocrx_word' id='word_1_23' title='bbox 952 465 1096 532; x_wconf 78' lang='lat' dir='ltr'>Hector.</span> 
     </span>
     <span class='ocr_line' id='line_1_5' title="bbox 93 567 964 658; baseline 0.005 -25"><span class='ocrx_word' id='word_1_24' title='bbox 93 567 162 634; x_wconf 90' lang='lat' dir='ltr'>illis</span> <span class='ocrx_word' id='word_1_25' title='bbox 178 570 266 635; x_wconf 92' lang='lat' dir='ltr'>haec</span> <span class='ocrx_word' id='word_1_26' title='bbox 281 572 398 648; x_wconf 90' lang='lat' dir='ltr'>armis,</span> <span class='ocrx_word' id='word_1_27' title='bbox 415 571 539 658; x_wconf 89' lang='lat' dir='ltr'>quibus</span> <span class='ocrx_word' id='word_1_28' title='bbox 553 583 605 637; x_wconf 89' lang='lat' dir='ltr'>est</span> <span class='ocrx_word' id='word_1_29' title='bbox 620 572 778 636; x_wconf 90' lang='lat' dir='ltr'>inventus</span> <span class='ocrx_word' id='word_1_30' title='bbox 794 570 964 649; x_wconf 85' lang='lat' dir='ltr'>Achilles,</span> 
     </span>
     <span class='ocr_line' id='line_1_6' title="bbox 94 678 1146 763; baseline 0.004 -23"><span class='ocrx_word' id='word_1_31' title='bbox 94 696 192 741; x_wconf 88' lang='lat' dir='ltr'>arma</span> <span class='ocrx_word' id='word_1_32' title='bbox 208 688 306 762; x_wconf 82' lang='lat' dir='ltr'>peto:</span> <span class='ocrx_word' id='word_1_33' title='bbox 329 678 408 745; x_wconf 90' lang='lat' dir='ltr'>vivo</span> <span class='ocrx_word' id='word_1_34' title='bbox 424 678 601 754; x_wconf 86' lang='lat' dir='ltr'><strong>dederam,</strong></span> <span class='ocrx_word' id='word_1_35' title='bbox 619 689 695 763; x_wconf 91' lang='lat' dir='ltr'>post</span> <span class='ocrx_word' id='word_1_36' title='bbox 712 678 781 743; x_wconf 85' lang='lat' dir='ltr'>fata</span> <span class='ocrx_word' id='word_1_37' title='bbox 796 699 952 763; x_wconf 89' lang='lat' dir='ltr'>reposco.</span> <span class='ocrx_word' id='word_1_38' title='bbox 1095 698 1146 750; x_wconf 77' lang='lat'>180</span> 
     </span>
     <span class='ocr_line' id='line_1_7' title="bbox 141 783 984 870; baseline 0.002 -22"><span class='ocrx_word' id='word_1_39' title='bbox 141 793 151 823; x_wconf 87' lang='lat'>‘</span> <span class='ocrx_word' id='word_1_40' title='bbox 167 783 216 848; x_wconf 91' lang='lat' dir='ltr'>Ut</span> <span class='ocrx_word' id='word_1_41' title='bbox 231 784 327 851; x_wconf 89' lang='lat' dir='ltr'>dolor</span> <span class='ocrx_word' id='word_1_42' title='bbox 341 786 443 850; x_wconf 89' lang='lat' dir='ltr'>unius</span> <span class='ocrx_word' id='word_1_43' title='bbox 461 785 602 850; x_wconf 90' lang='lat' dir='ltr'>Danaos</span> <span class='ocrx_word' id='word_1_44' title='bbox 619 786 775 870; x_wconf 89' lang='lat' dir='ltr'>pervenit</span> <span class='ocrx_word' id='word_1_45' title='bbox 791 785 835 850; x_wconf 92' lang='lat' dir='ltr'>ad</span> <span class='ocrx_word' id='word_1_46' title='bbox 847 807 984 863; x_wconf 62' lang='lat' dir='ltr'>omnes</span> 
     </span>
     <span class='ocr_line' id='line_1_8' title="bbox 92 886 1007 978; baseline 0.005 -25"><span class='ocrx_word' id='word_1_47' title='bbox 92 886 293 977; x_wconf 87' lang='lat' dir='ltr'>Aulidaque</span> <span class='ocrx_word' id='word_1_48' title='bbox 307 890 499 957; x_wconf 81' lang='lat' dir='ltr'>Euboicam</span> <span class='ocrx_word' id='word_1_49' title='bbox 516 893 729 978; x_wconf 91' lang='lat' dir='ltr'>complerunt</span> <span class='ocrx_word' id='word_1_50' title='bbox 745 892 838 956; x_wconf 89' lang='lat' dir='ltr'>mille</span> <span class='ocrx_word' id='word_1_51' title='bbox 856 892 1007 970; x_wconf 88' lang='lat' dir='ltr'>carinae,</span> 
     </span>
     <span class='ocr_line' id='line_1_9' title="bbox 93 998 873 1083; baseline 0.004 -22"><span class='ocrx_word' id='word_1_52' title='bbox 93 1009 293 1083; x_wconf 87' lang='lat' dir='ltr'>exspectata</span> <span class='ocrx_word' id='word_1_53' title='bbox 309 999 381 1073; x_wconf 90' lang='lat' dir='ltr'>diu,</span> <span class='ocrx_word' id='word_1_54' title='bbox 400 1000 495 1063; x_wconf 87' lang='lat' dir='ltr'>nulla</span> <span class='ocrx_word' id='word_1_55' title='bbox 511 1009 569 1064; x_wconf 87' lang='lat' dir='ltr'>aut</span> <span class='ocrx_word' id='word_1_56' title='bbox 585 998 754 1065; x_wconf 84' lang='lat' dir='ltr'>contr-aria</span> <span class='ocrx_word' id='word_1_57' title='bbox 772 998 873 1064; x_wconf 88' lang='lat' dir='ltr'>classi</span> 
     </span>
     <span class='ocr_line' id='line_1_10' title="bbox 91 1102 1074 1194; baseline 0.004 -27"><span class='ocrx_word' id='word_1_58' title='bbox 91 1102 234 1168; x_wconf 86' lang='lat' dir='ltr'>flamina</span> <span class='ocrx_word' id='word_1_59' title='bbox 251 1115 341 1181; x_wconf 89' lang='lat' dir='ltr'>sunt,</span> <span class='ocrx_word' id='word_1_60' title='bbox 357 1106 533 1192; x_wconf 85' lang='lat' dir='ltr'>duraeque</span> <span class='ocrx_word' id='word_1_61' title='bbox 545 1105 667 1194; x_wconf 90' lang='lat' dir='ltr'>jubent</span> <span class='ocrx_word' id='word_1_62' title='bbox 682 1104 950 1191; x_wconf 81' lang='lat' dir='ltr'>Agamemnona</span> <span class='ocrx_word' id='word_1_63' title='bbox 966 1116 1074 1172; x_wconf 81' lang='lat' dir='ltr'>sortes</span> 
     </span>
     <span class='ocr_line' id='line_1_11' title="bbox 92 1210 1142 1298; baseline 0.009 -24"><span class='ocrx_word' id='word_1_64' title='bbox 92 1210 298 1276; x_wconf 89' lang='lat' dir='ltr'>immeritam</span> <span class='ocrx_word' id='word_1_65' title='bbox 315 1232 439 1278; x_wconf 84' lang='lat' dir='ltr'>saevae</span> <span class='ocrx_word' id='word_1_66' title='bbox 456 1223 572 1277; x_wconf 87' lang='lat' dir='ltr'>natam</span> <span class='ocrx_word' id='word_1_67' title='bbox 588 1224 738 1278; x_wconf 92' lang='lat' dir='ltr'>mactare</span> <span class='ocrx_word' id='word_1_68' title='bbox 756 1212 903 1277; x_wconf 86' lang='lat' dir='ltr'>Dianae.</span> <span class='ocrx_word' id='word_1_69' title='bbox 1092 1230 1142 1298; x_wconf 77' lang='lat'>185</span> 
     </span>
     <span class='ocr_line' id='line_1_12' title="bbox 92 1318 945 1407; baseline 0.001 -24"><span class='ocrx_word' id='word_1_70' title='bbox 92 1318 244 1407; x_wconf 82' lang='lat' dir='ltr'>denegat</span> <span class='ocrx_word' id='word_1_71' title='bbox 259 1318 325 1385; x_wconf 86' lang='lat' dir='ltr'>hoc</span> <span class='ocrx_word' id='word_1_72' title='bbox 341 1319 488 1406; x_wconf 84' lang='lat' dir='ltr'>genitor,</span> <span class='ocrx_word' id='word_1_73' title='bbox 506 1318 662 1407; x_wconf 87' lang='lat' dir='ltr'>divisque</span> <span class='ocrx_word' id='word_1_74' title='bbox 678 1319 834 1384; x_wconf 89' lang='lat' dir='ltr'>irascitur</span> <span class='ocrx_word' id='word_1_75' title='bbox 850 1319 945 1404; x_wconf 88' lang='lat' dir='ltr'>ipsis,</span> 
     </span>
     <span class='ocr_line' id='line_1_13' title="bbox 93 1425 1060 1514; baseline 0.002 -25"><span class='ocrx_word' id='word_1_76' title='bbox 93 1437 194 1513; x_wconf 89' lang='lat' dir='ltr'>atque</span> <span class='ocrx_word' id='word_1_77' title='bbox 210 1426 246 1490; x_wconf 88' lang='lat' dir='ltr'>in</span> <span class='ocrx_word' id='word_1_78' title='bbox 261 1447 346 1514; x_wconf 87' lang='lat' dir='ltr'>rege</span> <span class='ocrx_word' id='word_1_79' title='bbox 362 1438 477 1491; x_wconf 88' lang='lat' dir='ltr'>tamen</span> <span class='ocrx_word' id='word_1_80' title='bbox 492 1438 588 1513; x_wconf 89' lang='lat' dir='ltr'>pater</span> <span class='ocrx_word' id='word_1_81' title='bbox 604 1437 667 1492; x_wconf 88' lang='lat' dir='ltr'>est.</span> <span class='ocrx_word' id='word_1_82' title='bbox 717 1425 795 1512; x_wconf 85' lang='lat' dir='ltr'>Ego</span> <span class='ocrx_word' id='word_1_83' title='bbox 812 1426 892 1490; x_wconf 89' lang='lat' dir='ltr'>mite</span> <span class='ocrx_word' id='word_1_84' title='bbox 908 1425 1060 1512; x_wconf 86' lang='lat' dir='ltr'>parentis</span> 
     </span>
     <span class='ocr_line' id='line_1_14' title="bbox 91 1533 925 1621; baseline -0.001 -25"><span class='ocrx_word' id='word_1_85' title='bbox 91 1533 271 1621; x_wconf 85' lang='lat' dir='ltr'>ingenium</span> <span class='ocrx_word' id='word_1_86' title='bbox 286 1534 400 1600; x_wconf 84' lang='lat' dir='ltr'>verbis</span> <span class='ocrx_word' id='word_1_87' title='bbox 411 1534 460 1598; x_wconf 87' lang='lat' dir='ltr'>ad</span> <span class='ocrx_word' id='word_1_88' title='bbox 475 1533 614 1616; x_wconf 86' lang='lat' dir='ltr'>publica</span> <span class='ocrx_word' id='word_1_89' title='bbox 630 1533 812 1599; x_wconf 85' lang='lat' dir='ltr'>commoda</span> <span class='ocrx_word' id='word_1_90' title='bbox 827 1533 925 1597; x_wconf 87' lang='lat' dir='ltr'>verti.</span> 
     </span>
     <span class='ocr_line' id='line_1_15' title="bbox 92 1638 1024 1728; baseline -0.003 -23"><span class='ocrx_word' id='word_1_91' title='bbox 92 1661 184 1705; x_wconf 90' lang='lat' dir='ltr'>nunc</span> <span class='ocrx_word' id='word_1_92' title='bbox 200 1641 360 1728; x_wconf 87' lang='lat' dir='ltr'>equidem</span> <span class='ocrx_word' id='word_1_93' title='bbox 377 1641 496 1718; x_wconf 80' lang='lat' dir='ltr'>fateor,</span> <span class='ocrx_word' id='word_1_94' title='bbox 515 1641 674 1727; x_wconf 76' lang='lat' dir='ltr'>lassoque</span> <span class='ocrx_word' id='word_1_95' title='bbox 690 1642 848 1727; x_wconf 86' lang='lat' dir='ltr'>ignoscat</span> <span class='ocrx_word' id='word_1_96' title='bbox 863 1638 1024 1705; x_wconf 84' lang='lat' dir='ltr'>Atrides:</span> 
     </span>
     <span class='ocr_line' id='line_1_16' title="bbox 92 1747 1184 1835; baseline 0.003 -22"><span class='ocrx_word' id='word_1_97' title='bbox 92 1747 266 1813; x_wconf 90' lang='lat' dir='ltr'>difficilem</span> <span class='ocrx_word' id='word_1_98' title='bbox 282 1749 375 1813; x_wconf 89' lang='lat' dir='ltr'>tenui</span> <span class='ocrx_word' id='word_1_99' title='bbox 393 1748 455 1813; x_wconf 88' lang='lat' dir='ltr'>sub</span> <span class='ocrx_word' id='word_1_100' title='bbox 472 1748 588 1834; x_wconf 87' lang='lat' dir='ltr'>iniquo</span> <span class='ocrx_word' id='word_1_101' title='bbox 601 1747 717 1835; x_wconf 88' lang='lat' dir='ltr'>judice</span> <span class='ocrx_word' id='word_1_102' title='bbox 731 1767 887 1812; x_wconf 88' lang='lat' dir='ltr'>causam.</span> <span class='ocrx_word' id='word_1_103' title='bbox 1043 1770 1045 1774; x_wconf 86' lang='lat'>·</span> <span class='ocrx_word' id='word_1_104' title='bbox 1094 1776 1144 1833; x_wconf 87' lang='lat'>190</span> <span class='ocrx_word' id='word_1_105' title='bbox 1181 1830 1184 1835; x_wconf 27' lang='grc' dir='ltr'>Ι</span> 
     </span>
     <span class='ocr_line' id='line_1_17' title="bbox 92 1853 935 1940; baseline -0.002 -21"><span class='ocrx_word' id='word_1_106' title='bbox 92 1856 185 1920; x_wconf 92' lang='lat' dir='ltr'>hunc</span> <span class='ocrx_word' id='word_1_107' title='bbox 200 1866 316 1920; x_wconf 84' lang='lat' dir='ltr'>tamen</span> <span class='ocrx_word' id='word_1_108' title='bbox 333 1855 459 1921; x_wconf 87' lang='lat' dir='ltr'>utilitas</span> <span class='ocrx_word' id='word_1_109' title='bbox 474 1854 592 1940; x_wconf 87' lang='lat' dir='ltr'>populi</span> <span class='ocrx_word' id='word_1_110' title='bbox 609 1853 779 1940; x_wconf 86' lang='lat' dir='ltr'>fraterque</span> <span class='ocrx_word' id='word_1_111' title='bbox 795 1853 935 1938; x_wconf 86' lang='lat' dir='ltr'>datique</span> 
     </span>
     <span class='ocr_line' id='line_1_18' title="bbox 92 1960 1142 2046; baseline -0.001 -20"><span class='ocrx_word' id='word_1_112' title='bbox 92 1982 227 2026; x_wconf 89' lang='lat' dir='ltr'>summa</span> <span class='ocrx_word' id='word_1_113' title='bbox 243 1972 356 2028; x_wconf 90' lang='lat' dir='ltr'>movet</span> <span class='ocrx_word' id='word_1_114' title='bbox 370 1962 509 2046; x_wconf 86' lang='lat' dir='ltr'>sceptri,</span> <span class='ocrx_word' id='word_1_115' title='bbox 524 1962 661 2026; x_wconf 88' lang='lat' dir='ltr'>laudem</span> <span class='ocrx_word' id='word_1_116' title='bbox 677 1972 713 2025; x_wconf 92' lang='lat' dir='ltr'>ut</span> <span class='ocrx_word' id='word_1_117' title='bbox 728 1982 807 2025; x_wconf 88' lang='lat' dir='ltr'>cum</span> <span class='ocrx_word' id='word_1_118' title='bbox 825 1960 996 2046; x_wconf 88' lang='lat' dir='ltr'>sanguine</span> <span class='ocrx_word' id='word_1_119' title='bbox 1013 1970 1142 2044; x_wconf 84' lang='lat' dir='ltr'>penset</span> 
     </span>
     <span class='ocr_line' id='line_1_19' title="bbox 92 2066 1053 2154; baseline -0.002 -22"><span class='ocrx_word' id='word_1_120' title='bbox 92 2068 205 2133; x_wconf 87' lang='lat' dir='ltr'>mittor</span> <span class='ocrx_word' id='word_1_121' title='bbox 220 2079 254 2135; x_wconf 91' lang='lat' dir='ltr'>et</span> <span class='ocrx_word' id='word_1_122' title='bbox 269 2069 314 2135; x_wconf 86' lang='lat' dir='ltr'>ad</span> <span class='ocrx_word' id='word_1_123' title='bbox 330 2080 488 2144; x_wconf 85' lang='lat' dir='ltr'>matrem,</span> <span class='ocrx_word' id='word_1_124' title='bbox 505 2089 594 2154; x_wconf 90' lang='lat' dir='ltr'>quae</span> <span class='ocrx_word' id='word_1_125' title='bbox 611 2090 681 2133; x_wconf 93' lang='lat' dir='ltr'>non</span> <span class='ocrx_word' id='word_1_126' title='bbox 698 2067 879 2142; x_wconf 90' lang='lat' dir='ltr'>hortanda,</span> <span class='ocrx_word' id='word_1_127' title='bbox 898 2066 960 2132; x_wconf 88' lang='lat' dir='ltr'>sed</span> <span class='ocrx_word' id='word_1_128' title='bbox 976 2081 1053 2131; x_wconf 85' lang='lat' dir='ltr'>astu</span> 
     </span>
     <span class='ocr_line' id='line_1_20' title="bbox 92 2174 914 2261; baseline -0.002 -20"><span class='ocrx_word' id='word_1_129' title='bbox 92 2175 296 2261; x_wconf 89' lang='lat' dir='ltr'>decipienda</span> <span class='ocrx_word' id='word_1_130' title='bbox 311 2175 384 2242; x_wconf 84' lang='lat' dir='ltr'>suit.</span> <span class='ocrx_word' id='word_1_131' title='bbox 435 2174 516 2260; x_wconf 69' lang='lat' dir='ltr'>Quo</span> <span class='ocrx_word' id='word_1_132' title='bbox 530 2174 561 2241; x_wconf 89' lang='lat' dir='ltr'>si</span> <span class='ocrx_word' id='word_1_133' title='bbox 578 2174 803 2240; x_wconf 89' lang='lat' dir='ltr'>Telamonius</span> <span class='ocrx_word' id='word_1_134' title='bbox 820 2174 914 2251; x_wconf 89' lang='lat' dir='ltr'>isset,</span> 
     </span>
     <span class='ocr_line' id='line_1_21' title="bbox 91 2281 1142 2368; baseline 0.004 -20"><span class='ocrx_word' id='word_1_135' title='bbox 91 2283 176 2348; x_wconf 89' lang='lat' dir='ltr'>orba</span> <span class='ocrx_word' id='word_1_136' title='bbox 192 2282 262 2348; x_wconf 89' lang='lat' dir='ltr'>suis</span> <span class='ocrx_word' id='word_1_137' title='bbox 278 2294 391 2348; x_wconf 85' lang='lat' dir='ltr'>essent</span> <span class='ocrx_word' id='word_1_138' title='bbox 407 2283 508 2349; x_wconf 82' lang='lat' dir='ltr'>etiam</span> <span class='ocrx_word' id='word_1_139' title='bbox 525 2303 618 2347; x_wconf 91' lang='lat' dir='ltr'>nunc</span> <span class='ocrx_word' id='word_1_140' title='bbox 634 2283 739 2347; x_wconf 90' lang='lat' dir='ltr'>lintea</span> <span class='ocrx_word' id='word_1_141' title='bbox 755 2281 876 2346; x_wconf 88' lang='lat' dir='ltr'>ventis.</span> <span class='ocrx_word' id='word_1_142' title='bbox 1094 2310 1142 2368; x_wconf 82' lang='lat'>195</span> 
     </span>
     <span class='ocr_line' id='line_1_22' title="bbox 138 2390 920 2468; baseline 0.004 -12"><span class='ocrx_word' id='word_1_143' title='bbox 138 2402 149 2435; x_wconf 79' lang='lat'><em>⁶</em></span> <span class='ocrx_word' id='word_1_144' title='bbox 166 2390 283 2457; x_wconf 89' lang='lat' dir='ltr'>Mittor</span> <span class='ocrx_word' id='word_1_145' title='bbox 296 2404 332 2458; x_wconf 89' lang='lat' dir='ltr'>et</span> <span class='ocrx_word' id='word_1_146' title='bbox 347 2392 471 2458; x_wconf 85' lang='lat' dir='ltr'>iliacas</span> <span class='ocrx_word' id='word_1_147' title='bbox 487 2393 603 2458; x_wconf 89' lang='lat' dir='ltr'>audax</span> <span class='ocrx_word' id='word_1_148' title='bbox 617 2404 732 2459; x_wconf 89' lang='lat' dir='ltr'>orator</span> <span class='ocrx_word' id='word_1_149' title='bbox 749 2393 792 2457; x_wconf 91' lang='lat' dir='ltr'>ad</span> <span class='ocrx_word' id='word_1_150' title='bbox 810 2413 920 2468; x_wconf 86' lang='lat' dir='ltr'>arces,</span> 
     </span>
     <span class='ocr_line' id='line_1_23' title="bbox 92 2498 971 2589; baseline 0.001 -26"><span class='ocrx_word' id='word_1_151' title='bbox 92 2498 234 2586; x_wconf 89' lang='lat' dir='ltr'>visaque</span> <span class='ocrx_word' id='word_1_152' title='bbox 250 2509 284 2565; x_wconf 90' lang='lat' dir='ltr'>et</span> <span class='ocrx_word' id='word_1_153' title='bbox 298 2501 421 2565; x_wconf 87' lang='lat' dir='ltr'>intrata</span> <span class='ocrx_word' id='word_1_154' title='bbox 435 2511 488 2565; x_wconf 86' lang='lat' dir='ltr'>est</span> <span class='ocrx_word' id='word_1_155' title='bbox 502 2501 592 2564; x_wconf 87' lang='lat' dir='ltr'>altae</span> <span class='ocrx_word' id='word_1_156' title='bbox 608 2500 693 2564; x_wconf 86' lang='lat' dir='ltr'>mihi</span> <span class='ocrx_word' id='word_1_157' title='bbox 709 2501 805 2565; x_wconf 87' lang='lat' dir='ltr'>curia</span> <span class='ocrx_word' id='word_1_158' title='bbox 822 2499 971 2589; x_wconf 83' lang='lat' dir='ltr'>Trojae:</span> 
     </span>
     <span class='ocr_line' id='line_1_24' title="bbox 92 2606 968 2695; baseline 0.003 -26"><span class='ocrx_word' id='word_1_159' title='bbox 92 2606 263 2693; x_wconf 89' lang='lat' dir='ltr'>plenaque</span> <span class='ocrx_word' id='word_1_160' title='bbox 280 2607 394 2672; x_wconf 90' lang='lat' dir='ltr'>adhuc</span> <span class='ocrx_word' id='word_1_161' title='bbox 410 2620 481 2672; x_wconf 87' lang='lat' dir='ltr'>erat</span> <span class='ocrx_word' id='word_1_162' title='bbox 497 2607 556 2672; x_wconf 92' lang='lat' dir='ltr'>illa</span> <span class='ocrx_word' id='word_1_163' title='bbox 572 2607 666 2672; x_wconf 90' lang='lat' dir='ltr'>viris.</span> <span class='ocrx_word' id='word_1_164' title='bbox 717 2607 893 2672; x_wconf 87' lang='lat' dir='ltr'>Interritus</span> <span class='ocrx_word' id='word_1_165' title='bbox 910 2608 968 2695; x_wconf 86' lang='lat' dir='ltr'>egi</span> 
     </span>
     <span class='ocr_line' id='line_1_25' title="bbox 93 2713 1034 2799; baseline 0.001 -22"><span class='ocrx_word' id='word_1_166' title='bbox 93 2734 196 2799; x_wconf 89' lang='lat' dir='ltr'>quarn</span> <span class='ocrx_word' id='word_1_167' title='bbox 214 2713 296 2777; x_wconf 90' lang='lat' dir='ltr'>mihi</span> <span class='ocrx_word' id='word_1_168' title='bbox 313 2715 492 2779; x_wconf 87' lang='lat' dir='ltr'>mandarat</span> <span class='ocrx_word' id='word_1_169' title='bbox 506 2713 698 2779; x_wconf 89' lang='lat' dir='ltr'>communis</span> <span class='ocrx_word' id='word_1_170' title='bbox 714 2713 862 2779; x_wconf 88' lang='lat' dir='ltr'>Graecia</span> <span class='ocrx_word' id='word_1_171' title='bbox 878 2735 1034 2790; x_wconf 87' lang='lat' dir='ltr'>causam,</span> 
     </span>
     <span class='ocr_line' id='line_1_26' title="bbox 93 2817 1103 2907; baseline 0.003 -25"><span class='ocrx_word' id='word_1_172' title='bbox 93 2839 286 2903; x_wconf 87' lang='lat' dir='ltr'>accusoque</span> <span class='ocrx_word' id='word_1_173' title='bbox 302 2817 419 2896; x_wconf 88' lang='lat' dir='ltr'>Parin,</span> <span class='ocrx_word' id='word_1_174' title='bbox 437 2821 670 2906; x_wconf 88' lang='lat' dir='ltr'>praedamque</span> <span class='ocrx_word' id='word_1_175' title='bbox 689 2820 929 2907; x_wconf 89' lang='lat' dir='ltr'>Helena-mque</span> <span class='ocrx_word' id='word_1_176' title='bbox 945 2841 1103 2904; x_wconf 87' lang='lat' dir='ltr'>reposco,</span> 
     </span>
     <span class='ocr_line' id='line_1_27' title="bbox 93 2926 1053 3016; baseline -0.002 -23"><span class='ocrx_word' id='word_1_177' title='bbox 93 2936 126 2993; x_wconf 87' lang='lat' dir='ltr'>et</span> <span class='ocrx_word' id='word_1_178' title='bbox 141 2946 264 2993; x_wconf 89' lang='lat' dir='ltr'>moveo</span> <span class='ocrx_word' id='word_1_179' title='bbox 279 2926 455 2992; x_wconf 88' lang='lat' dir='ltr'>Priamum</span> <span class='ocrx_word' id='word_1_180' title='bbox 472 2927 678 3014; x_wconf 89' lang='lat' dir='ltr'>Priamoque</span> <span class='ocrx_word' id='word_1_181' title='bbox 693 2927 871 2994; x_wconf 87' lang='lat' dir='ltr'>Antenora</span> <span class='ocrx_word' id='word_1_182' title='bbox 884 2929 1053 3016; x_wconf 84' lang='lat' dir='ltr'>junctum.</span> 
     </span>
     <span class='ocr_line' id='line_1_28' title="bbox 93 3033 881 3123; baseline 0.004 -26"><span class='ocrx_word' id='word_1_183' title='bbox 93 3043 127 3099; x_wconf 90' lang='lat' dir='ltr'>at</span> <span class='ocrx_word' id='word_1_184' title='bbox 142 3033 241 3101; x_wconf 84' lang='lat' dir='ltr'>Paris</span> <span class='ocrx_word' id='word_1_185' title='bbox 257 3046 290 3100; x_wconf 89' lang='lat' dir='ltr'>et</span> <span class='ocrx_word' id='word_1_186' title='bbox 305 3036 424 3102; x_wconf 84' lang='lat' dir='ltr'>fratres</span> <span class='ocrx_word' id='word_1_187' title='bbox 441 3036 548 3123; x_wconf 86' lang='lat' dir='ltr'>etqui</span> <span class='ocrx_word' id='word_1_188' title='bbox 564 3057 710 3121; x_wconf 85' lang='lat' dir='ltr'>rapuere</span> <span class='ocrx_word' id='word_1_189' title='bbox 729 3039 792 3103; x_wconf 88' lang='lat' dir='ltr'>sub</span> <span class='ocrx_word' id='word_1_190' title='bbox 808 3038 881 3111; x_wconf 90' lang='lat' dir='ltr'>illo,</span> 
     </span>
     <span class='ocr_line' id='line_1_29' title="bbox 93 3141 1140 3217; baseline 0.001 -13"><span class='ocrx_word' id='word_1_191' title='bbox 93 3141 151 3205; x_wconf 86' lang='lat' dir='ltr'>vix</span> <span class='ocrx_word' id='word_1_192' title='bbox 167 3152 307 3207; x_wconf 82' lang='lat' dir='ltr'>tenuere</span> <span class='ocrx_word' id='word_1_193' title='bbox 323 3163 446 3207; x_wconf 88' lang='lat' dir='ltr'>manns</span> <span class='ocrx_word' id='word_1_194' title='bbox 458 3142 582 3207; x_wconf 88' lang='lat' dir='ltr'>-scis</span> <span class='ocrx_word' id='word_1_195' title='bbox 595 3141 677 3217; x_wconf 81' lang='lat' dir='ltr'>hoc,</span> <span class='ocrx_word' id='word_1_196' title='bbox 698 3141 859 3208; x_wconf 64' lang='lat' dir='ltr'>Menelai</span> <span class='ocrx_word' id='word_1_197' title='bbox 873 3141 881 3206; x_wconf 90' lang='lat' dir='ltr'>l</span> <span class='ocrx_word' id='word_1_198' title='bbox 894 3180 939 3191; x_wconf 91' lang='lat'><em>-</em></span> <span class='ocrx_word' id='word_1_199' title='bbox 951 3141 1119 3207; x_wconf 84' lang='lat' dir='ltr'>nefandas</span> <span class='ocrx_word' id='word_1_200' title='bbox 1131 3162 1140 3216; x_wconf 83' lang='lat'>3</span> 
     </span>
     <span class='ocr_line' id='line_1_30' title="bbox 93 3247 899 3334; baseline 0 -24"><span class='ocrx_word' id='word_1_201' title='bbox 93 3247 273 3333; x_wconf 87' lang='lat' dir='ltr'>primaque</span> <span class='ocrx_word' id='word_1_202' title='bbox 289 3248 349 3315; x_wconf 83' lang='lat' dir='ltr'>lux</span> <span class='ocrx_word' id='word_1_203' title='bbox 365 3250 469 3313; x_wconf 88' lang='lat' dir='ltr'>nostri</span> <span class='ocrx_word' id='word_1_204' title='bbox 486 3260 597 3312; x_wconf 85' lang='lat' dir='ltr'>tecum</span> <span class='ocrx_word' id='word_1_205' title='bbox 616 3248 678 3313; x_wconf 85' lang='lat' dir='ltr'>suit</span> <span class='ocrx_word' id='word_1_206' title='bbox 693 3248 751 3313; x_wconf 85' lang='lat' dir='ltr'>illa</span> <span class='ocrx_word' id='word_1_207' title='bbox 769 3249 899 3334; x_wconf 89' lang='lat' dir='ltr'>pericli.</span> 
     </span>
     <span class='ocr_line' id='line_1_31' title="bbox 138 3353 1141 3442; baseline -0.003 -23"><span class='ocrx_word' id='word_1_208' title='bbox 138 3366 148 3395; x_wconf 76' lang='lat'><em>⁶</em></span> <span class='ocrx_word' id='word_1_209' title='bbox 165 3353 290 3442; x_wconf 87' lang='lat' dir='ltr'>Longa</span> <span class='ocrx_word' id='word_1_210' title='bbox 307 3355 432 3420; x_wconf 80' lang='lat' dir='ltr'>referre</span> <span class='ocrx_word' id='word_1_211' title='bbox 450 3376 545 3420; x_wconf 89' lang='lat' dir='ltr'>mora</span> <span class='ocrx_word' id='word_1_212' title='bbox 561 3367 624 3429; x_wconf 85' lang='lat' dir='ltr'>est,</span> <span class='ocrx_word' id='word_1_213' title='bbox 640 3377 729 3442; x_wconf 90' lang='lat' dir='ltr'>quae</span> <span class='ocrx_word' id='word_1_214' title='bbox 746 3356 955 3441; x_wconf 91' lang='lat' dir='ltr'>consilioque</span> <span class='ocrx_word' id='word_1_215' title='bbox 968 3373 1141 3439; x_wconf 89' lang='lat' dir='ltr'>manuque</span> 
     </span>
     <span class='ocr_line' id='line_1_32' title="bbox 93 3460 734 3546; baseline -0.003 -20"><span class='ocrx_word' id='word_1_216' title='bbox 93 3461 219 3527; x_wconf 89' lang='lat' dir='ltr'>utiliter</span> <span class='ocrx_word' id='word_1_217' title='bbox 234 3460 299 3525; x_wconf 79' lang='lat' dir='ltr'>ieci</span> <span class='ocrx_word' id='word_1_218' title='bbox 316 3460 455 3546; x_wconf 88' lang='lat' dir='ltr'>spatiosi</span> <span class='ocrx_word' id='word_1_219' title='bbox 472 3473 625 3546; x_wconf 89' lang='lat' dir='ltr'>tempore</span> <span class='ocrx_word' id='word_1_220' title='bbox 641 3462 734 3526; x_wconf 91' lang='lat' dir='ltr'>belli.</span> 
     </span>
     <span class='ocr_line' id='line_1_33' title="bbox 94 3566 911 3652; baseline 0.002 -20"><span class='ocrx_word' id='word_1_221' title='bbox 94 3579 170 3652; x_wconf 90' lang='lat' dir='ltr'>post</span> <span class='ocrx_word' id='word_1_222' title='bbox 185 3566 277 3632; x_wconf 88' lang='lat' dir='ltr'>acies</span> <span class='ocrx_word' id='word_1_223' title='bbox 294 3567 421 3652; x_wconf 87' lang='lat' dir='ltr'>primas</span> <span class='ocrx_word' id='word_1_224' title='bbox 436 3569 531 3632; x_wconf 91' lang='lat' dir='ltr'>urbis</span> <span class='ocrx_word' id='word_1_225' title='bbox 548 3589 585 3633; x_wconf 90' lang='lat' dir='ltr'>se</span> <span class='ocrx_word' id='word_1_226' title='bbox 602 3569 779 3633; x_wconf 88' lang='lat' dir='ltr'>moenibus</span> <span class='ocrx_word' id='word_1_227' title='bbox 797 3570 911 3634; x_wconf 87' lang='lat' dir='ltr'>hostes</span> 
     </span>
     <span class='ocr_line' id='line_1_34' title="bbox 94 3672 835 3759; baseline 0.001 -21"><span class='ocrx_word' id='word_1_228' title='bbox 94 3672 291 3738; x_wconf 81' lang='lat' dir='ltr'>continuere</span> <span class='ocrx_word' id='word_1_229' title='bbox 307 3674 378 3749; x_wconf 90' lang='lat' dir='ltr'>diu,</span> <span class='ocrx_word' id='word_1_230' title='bbox 397 3695 462 3740; x_wconf 90' lang='lat' dir='ltr'>nec</span> <span class='ocrx_word' id='word_1_231' title='bbox 479 3674 586 3759; x_wconf 84' lang='lat' dir='ltr'>aperti</span> <span class='ocrx_word' id='word_1_232' title='bbox 603 3674 700 3758; x_wconf 87' lang='lat' dir='ltr'>copia</span> <span class='ocrx_word' id='word_1_233' title='bbox 720 3676 835 3739; x_wconf 82' lang='lat' dir='ltr'>martis</span> 
     </span>
     <span class='ocr_line' id='line_1_35' title="bbox 93 3780 944 3866; baseline 0 -22"><span class='ocrx_word' id='word_1_234' title='bbox 93 3781 163 3844; x_wconf 88' lang='lat' dir='ltr'>ulla</span> <span class='ocrx_word' id='word_1_235' title='bbox 180 3780 263 3845; x_wconf 77' lang='lat' dir='ltr'>fuitt</span> <span class='ocrx_word' id='word_1_236' title='bbox 287 3780 421 3845; x_wconf 88' lang='lat' dir='ltr'>decimo</span> <span class='ocrx_word' id='word_1_237' title='bbox 438 3781 575 3845; x_wconf 90' lang='lat' dir='ltr'>demum</span> <span class='ocrx_word' id='word_1_238' title='bbox 594 3782 824 3866; x_wconf 88' lang='lat' dir='ltr'>pugnavimus</span> <span class='ocrx_word' id='word_1_239' title='bbox 841 3803 944 3846; x_wconf 86' lang='lat' dir='ltr'>anno.</span> 
     </span>
     <span class='ocr_line' id='line_1_36' title="bbox 94 3884 1176 3980; baseline -0.003 -29"><span class='ocrx_word' id='word_1_240' title='bbox 94 3886 175 3973; x_wconf 90' lang='lat' dir='ltr'>quid</span> <span class='ocrx_word' id='word_1_241' title='bbox 190 3884 277 3951; x_wconf 71' lang='lat' dir='ltr'>meis</span> <span class='ocrx_word' id='word_1_242' title='bbox 291 3885 431 3963; x_wconf 85' lang='lat' dir='ltr'>interea,</span> <span class='ocrx_word' id='word_1_243' title='bbox 450 3885 509 3976; x_wconf 87' lang='lat' dir='ltr'>qui</span> <span class='ocrx_word' id='word_1_244' title='bbox 526 3887 588 3967; x_wconf 87' lang='lat' dir='ltr'>nil,</span> <span class='ocrx_word' id='word_1_245' title='bbox 607 3887 674 3958; x_wconf 86' lang='lat' dir='ltr'>nisi</span> <span class='ocrx_word' id='word_1_246' title='bbox 691 3889 844 3980; x_wconf 78' lang='lat' dir='ltr'>proelia,</span> <span class='ocrx_word' id='word_1_247' title='bbox 860 3885 974 3956; x_wconf 69' lang='lat' dir='ltr'>nostii</span> <span class='ocrx_word' id='word_1_248' title='bbox 1116 3913 1176 3950; x_wconf 70' lang='lat' dir='ltr'>ms</span> 
     </span>
    </p>
   </div>
   <div class='ocr_carea' id='block_1_3' title="bbox 0 0 1250 4208">
    <p class='ocr_par' dir='ltr' id='par_1_3' title="bbox 0 0 1250 4208">
     <span class='ocr_line' id='line_1_37' title="bbox 0 0 1250 4208; baseline 0 0"><span class='ocrx_word' id='word_1_249' title='bbox 0 0 1250 4208; x_wconf 95' lang='lat' dir='ltr'> </span> 
     </span>
    </p>
   </div>
  </div>
 </body>
</html>
