2490 4208
88 179 113 246 6
274 201 300 247 1.
340 181 412 248 Tae
441 181 605 249 Creatr‘on
629 182 704 246 and
724 181 780 246 the
802 181 927 246 Flood.
1000 198 1142 271 [Marna.

90 400 156 443 nec
173 378 380 445 circumfuso
396 379 570 466 pendebat
587 378 621 443 in
639 383 718 443 aere
734 377 856 445 Tellus

91 486 300 572 ponderibus
317 488 439 552 librata
457 487 540 562 suis,
559 507 624 551 nec
640 486 781 550 brachia
799 486 905 574 longo

91 594 431 680 margine-terrarum
449 603 650 678 porrexerat
664 591 894 678 Amphitrite;
987 678 989 682 ¹

90 720 226 786 quaque
243 700 305 764 fuit
320 701 434 776 tellus,
453 701 573 766 illicet
593 711 716 786 pontus
734 711 766 764 et
783 705 854 764 aer.

136 805 196 870 Sic
212 817 285 870 erat
300 807 467 872 instabilis
483 808 595 882 tellus,
612 806 773 871 innabilis
789 807 895 883 unda,

90 912 177 978 lucis
194 933 301 999 egens
319 918 397 977 a'e'r:
423 913 508 978 nulli
526 934 589 979 sua
605 914 714 979 forma
732 913 905 991 manebat,

91 1020 314 1106 obstabatque
333 1020 408 1085 aliis
425 1021 532 1095 aliud,
550 1019 629 1107 quia
648 1041 789 1105 corpore
807 1019 841 1084 in
858 1042 928 1086 uno

91 1126 216 1214 frigida
233 1127 436 1215 pugnabant
452 1127 586 1203 calidis,
605 1126 781 1191 humentia
798 1126 911 1203 siccis,

90 1233 207 1299 mollia
224 1255 303 1299 cum
320 1234 427 1310 duris,
446 1234 519 1299 sine
536 1234 687 1319 pondere
706 1232 867 1298 habentia
884 1235 1031 1319 pondus.
1109 1267 1145 1306 20

136 1340 239 1406 Hanc
255 1341 340 1406 deus
356 1351 391 1406 et
405 1340 525 1406 melior
541 1340 634 1404 litem
651 1350 774 1404 natura
790 1339 937 1404 diremit.

89 1467 170 1510 narn
188 1448 284 1513 caelo
300 1458 408 1513 terras
424 1456 457 1512 et
472 1447 570 1511 terris
587 1445 731 1510 abscidit
746 1446 871 1521 undam

90 1564 124 1618 et
139 1553 304 1641 liquidum
322 1552 432 1639 spisso
449 1552 593 1618 secrevit
610 1552 653 1617 ab
671 1557 749 1617 aere
767 1553 915 1617 caelum.

89 1680 178 1745 quae
195 1670 375 1747 postquam
394 1658 519 1724 evolvit
535 1680 707 1745 caecoque
724 1659 852 1724 exemit
868 1681 1005 1738 acervo,

89 1764 271 1831 dissociata
288 1766 371 1831 locis
388 1764 550 1831 concordi
567 1787 653 1851 pace
670 1766 802 1853 ligavit.
1109 1798 1142 1856 25

134 1871 244 1960 ignea
260 1872 405 1937 convexi
421 1872 474 1938 vis
490 1883 524 1937 et
539 1871 613 1938 sine
630 1873 781 1957 pondere
798 1872 886 1938 caeli

89 1978 240 2054 emicuit,
258 2000 460 2066 summaque
476 1980 590 2045 locum
607 1980 671 2045 sibi
688 1979 768 2045 fecit
784 1979 819 2044 in
837 2002 928 2048 arce.

88 2085 265 2172 proximus
282 2096 332 2152 est
349 2091 407 2152 ae'r
423 2086 471 2151 illi
490 2086 627 2152 levitate
643 2088 808 2175 locoque;

87 2192 226 2258 densior
242 2193 295 2260 his
311 2194 424 2268 tellus,
443 2195 681 2282 elementaque
698 2194 845 2282 grandia
861 2194 964 2261 traxit

88 2310 121 2365 et
136 2322 255 2386 pressa
271 2313 321 2367 est
337 2301 506 2389 gravitate
522 2322 606 2376 sua;
633 2300 852 2366 circumfluus
869 2303 992 2367 humor
1106 2335 1141 2390 30

86 2408 206 2472 ultima
223 2409 385 2493 possedit,
404 2409 619 2494 solidumque
636 2407 786 2473 coercuit
801 2409 931 2473 orbem.

132 2513 193 2579 Sic
209 2514 266 2578 ubi
284 2514 497 2600 dispositam,
514 2514 668 2602 quisquis
685 2514 748 2579 suit
763 2514 820 2578 ille
838 2515 992 2590 deorum,

86 2621 285 2708 congeriem
303 2621 423 2696 secuit,
441 2632 638 2707 sectamque
655 2621 690 2684 in
708 2621 868 2686 membra·
878 2619 1022 2709 redegit,

86 2726 254 2812 principio
270 2739 409 2805 terram,
424 2747 467 2791 ne
479 2747 547 2790 non
559 2726 713 2814 aequalis
730 2727 772 2792 ab
789 2727 882 2792 omni

86 2845 180 2919 parte
197 2833 296 2910 foret,
315 2836 433 2922 magni
449 2834 601 2919 speciem
618 2833 823 2922 glomeravit
839 2834 873 2897 in
889 2833 994 2899 orbis.
1103 2865 1137 2923 35

85 2950 155 3005 tum
173 2940 258 3006 freta
276 2941 422 3016 diffudit,
441 2940 638 3028 rapidisque
655 2952 845 3005 tumescere
862 2939 971 3005 ventis

82 3044 193 3135 jussit,
212 3056 245 3111 et
261 3047 409 3112 ambitae
426 3046 640 3112 circumdare
656 3047 755 3112 litora
771 3057 892 3111 terrae.

86 3152 216 3218 addidit
231 3163 264 3218 et
280 3152 389 3218 fontes
406 3163 439 3217 et
454 3164 579 3241 stagna
595 3153 763 3218 immensa
780 3154 958 3241 lacusque,

84 3257 293 3347 fluminaque
310 3259 456 3346 obliquis
473 3259 578 3324 cinxit
594 3258 740 3325 declivia
756 3260 852 3346 ripis,

84 3385 185 3449 quae,
204 3366 339 3431 diversa
355 3365 452 3441 locis,
471 3366 593 3451 partim
610 3367 789 3432 sorbentur
805 3367 848 3432 ab
866 3366 954 3452 ipsa,
1099 3399 1136 3453 40

83 3468 119 3534 in
137 3493 229 3537 mare
246 3472 449 3558 perveniunt
464 3472 601 3558 partim,
619 3494 810 3560 campoque
827 3484 966 3558 recepta

83 3577 250 3643 liberioris
267 3600 376 3666 aquae
394 3601 455 3664 pro
472 3580 553 3664 ripis
570 3579 669 3644 litora
685 3582 835 3666 pulsant.

80 3681 180 3773 jussit
196 3696 229 3749 et
244 3685 381 3750 extendi
398 3706 553 3771 campos,
572 3686 749 3752 subsidere
765 3687 888 3762 valles,

83 3790 203 3856 fronde
219 3790 289 3878 tegi
307 3792 424 3867 silvas,
442 3792 617 3877 lapidosos
633 3814 774 3880 surgere
793 3806 938 3859 montes.

116 3893 234 3978 thue
250 3897 344 3962 duae
360 3898 483 3965 dextra
500 3898 637 3983 caelum
653 3899 860 3990 totidemque
876 3900 1014 3967 sinistra
1097 3938 1131 3991 4⁵
