2490 4208
115 171 138 227 1.
157 170 233 243 213.]
429 149 500 219 The
528 117 629 218 Guz‘lt
652 152 700 238 os
712 151 869 239 Lycaon.

159 348 266 415 ‘Non
283 369 350 439 ego
365 369 428 437 pro
445 348 564 415 mundi
580 369 689 437 regno
706 347 819 436 magis
836 347 959 414 anxius
976 347 1035 414 illa

112 467 313 543 tempestate
330 455 392 532 fui,
410 476 479 543 qua
495 467 632 529 centum
649 456 793 543 quisque
810 456 954 542 parabat
996 539 999 545 ¹

113 563 240 629 inicere
258 561 494 650 anguipedum
510 563 645 648 captivo
661 563 803 628 brachia
820 565 927 629 caelo.

113 691 193 735 narn
210 689 420 759 quamquam
436 668 529 735 serus
545 669 651 734 hostis
667 679 752 744 erat,
770 679 885 762 tamen
902 670 987 737 illud
1004 671 1048 736 ab
1064 693 1134 739 uno

113 798 255 864 corpore
273 787 306 842 et
320 797 365 841 ex
380 795 450 842 una
467 774 639 860 pendebat
655 775 789 862 origine
805 776 947 843 bellum.

112 903 205 948 nunc
222 881 306 947 mihi
322 903 390 970 qua
406 891 513 948 totum
529 880 666 948 Nereus
682 881 911 949 circumsonat
928 883 1059 960 orbem,

112 989 327 1076 perdendum
343 999 395 1057 est
411 989 553 1053 mortale
569 1009 694 1075 genus.
743 987 811 1055 Per
826 988 971 1057 flumina
983 989 1061 1077 juro

112 1096 223 1161 infera
239 1096 302 1161 sub
318 1106 426 1165 terras
443 1093 567 1183 Stygio
583 1094 734 1161 labentia
749 1095 840 1171 luco,

112 1213 237 1268 cuncta
253 1201 348 1288 prius
363 1210 549 1289 temptata3
574 1201 635 1267 sed
651 1200 893 1267 inmedicabile
909 1202 1036 1269 vulnus
1116 1234 1167 1292 190

113 1330 197 1381 ense
213 1307 436 1375 recidendum
453 1317 516 1384 est,
534 1328 578 1372 ne
594 1327 674 1394 pars
691 1306 826 1373 sincera
842 1309 1009 1373 trahatur.

113 1426 193 1482 sunt
208 1414 291 1481 mihi
307 1413 463 1491 semidei,
481 1423 560 1481 sunt
574 1412 701 1479 rustica
717 1414 873 1490 numina,
892 1416 1082 1502 nymphae,

113 1521 277 1613 faunique
293 1514 467 1611 satyrique
483 1530 517 1586 et
533 1519 738 1587 monticolae
754 1518 901 1585 Silvani.

112 1650 200 1716 quos
216 1627 379 1719 quoniam
395 1626 482 1693 caeli
498 1629 652 1693 nondum
670 1626 855 1714 dignamur
871 1629 1014 1707 honore,

112 1756 200 1822 quas
216 1734 385 1811 dedimus,
405 1743 496 1799 certe
512 1744 619 1821 terras
636 1734 789 1799 habitare
806 1734 972 1801 sinamus.
1117 1767 1165 1825 195

114 1863 160 1913 an
177 1840 271 1918 satis,
290 1840 322 1906 O
340 1839 467 1933 superi,
485 1850 575 1906 tutos
592 1840 663 1907 sore
680 1840 823 1907 creditis
834 1840 925 1919 illos,

113 1969 194 2014 cum
211 1947 308 2023 mihi,
325 1946 384 2035 qui
401 1946 544 2022 fulmen,
562 1946 620 2035 qui
637 1969 696 2013 vos
713 1946 893 2033 habeoque
909 1957 1075 2036 regoque,

113 2055 274 2122 struxerit
289 2053 431 2123 insidias
448 2064 546 2119 notus
564 2053 694 2121 feritate
711 2051 898 2140 Lycaoni’

159 2160 406 2229 Contremuere
423 2181 556 2237 omnes,
575 2159 762 2247 studiisque
785 2160 982 2227 ardentibus
999 2182 1119 2229 ausum

112 2268 195 2334 talia
212 2268 424 2354 deposcunt,
460 2265 535 2342 Sic,
553 2287 632 2332 cum
650 2288 772 2333 manus
787 2266 893 2352 impia
910 2266 1018 2333 saevit
1114 2301 1166 2343 200

113 2374 285 2462 sanguine
303 2372 477 2441 Caesarea
494 2373 693 2441 Romanum
710 2372 930 2461 exstinguere
946 2395 1085 2449 nomen,

113 2480 293 2546 attonitum
309 2491 409 2546 tanto.
419 2480 551 2550 subitae
567 2491 694 2547 terrore
710 2480 831 2547 ruinae

113 2589 304 2652 humanum
321 2607 431 2674 genus
447 2597 498 2657 est
513 2596 670 2675 totusque
686 2587 880 2675 perhorruit
895 2587 999 2655 orbis.

111 2715 179 2760 nec
195 2693 254 2758 tibi
271 2704 368 2781 grata
386 2694 499 2785 miuus
514 2692 637 2785 pietas,
654 2692 826 2783 Auguste,
844 2705 979 2768 tuorum
996 2706 1063 2775 est,-

111 2822 217 2889 quam
235 2800 297 2865 fuit
312 2799 370 2865 illa
381 2799 473 2887 Jovi.
523 2798 594 2891 Qui
610 2812 894 2891 postquamssvoce
912 2823 1085 2890 manuque
1117 2831 1167 2888 205

112 2927 290 2974 murmura
306 2906 521 2994 compressit,
538 2917 679 2974 tenuere
696 2908 830 2975 silentia
847 2908 974 2975 cuncti.

112 3014 259 3081 substitit
274 3025 312 3079 ut
327 3015 469 3089 clamor,
487 3035 626 3099 pressus
643 3015 810 3105 gravitate
827 3015 992 3103 regentis,

106 3120 267 3209 Juppiter
283 3121 349 3187 hoc
364 3119 486 3186 iterum
503 3141 661 3191 sermone
678 3123 813 3189 silentia
830 3122 940 3209 rupit:

159 3227 247 3293 ‘Ille
263 3226 403 3314 quidem
420 3248 551 3316 poenas
571 3228 710 3317 (curam
727 3222 818 3295 hanc
833 3227 1007 3316 dimittite)
1028 3228 1149 3295 solvit:

111 3334 205 3421 quod
219 3344 336 3405 tamen
352 3334 556 3412 admissum,
573 3357 663 3426 quae
679 3335 722 3403 sit
736 3335 899 3412 vindicta,
919 3335 1063 3402 docebo.
1116 3368 1167 3406 210

112 3440 304 3529 contigerat
320 3452 453 3509 nostras
469 3443 611 3507 infamia
627 3441 791 3529 temporis
807 3464 930 3509 aures:

111 3568 216 3634 quarn
234 3547 376 3636 cupiens
391 3549 529 3625 falsam,
547 3571 681 3615 summo
698 3549 839 3615 delabor
855 3548 1022 3636 Olymp0,

111 3664 146 3720 et
161 3654 246 3720 deus
264 3656 415 3727 humana
431 3657 537 3721 lustro
554 3657 617 3721 sub
634 3655 787 3742 imagine
803 3666 923 3721 terras.

111 3760 219 3850 longa
236 3783 332 3836 mora
348 3773 411 3838 est,
429 3773 595 3851 quantum
612 3783 724 3828 noxae
742 3763 785 3827 sit
800 3762 925 3849 ubique
942 3770 1129 3847 repertum,

110 3887 315 3937 enumerare
323 3891 336 3957 r
361 3867 473 3939 minor
487 3867 551 3961 fuit
565 3867 642 3959 ipsa
658 3867 807 3937 infamia
820 3891 923 3939 uero.
1134 3856 1201 3946 mr,
