2490 4208
113 169 153 226 V.
166 142 258 242 396ss
342 150 558 240 Proserpina
580 152 610 217 ἐς
631 150 739 219 stolen
763 150 806 238 dy
828 148 947 221 Pluto.
1121 165 1162 237 51

114 347 328 436 depositique
345 361 468 427 metus,
486 349 579 415 videt
594 349 688 415 hunc
704 347 856 436 Erycina
872 357 1059 435 vagantem

114 469 230 520 monte
245 478 308 522 suo
323 457 489 532 residens,
508 466 693 541 natumque
710 454 871 539 amplexa
888 454 1061 522 volucrem

117 559 249 625 ‘Arma
268 580 457 649 manusque
474 581 585 637 meae,
604 581 695 636 mea,
713 571 805 636 nate,
824 560 998 645 potentia,'
1014 559 1100 627 dixit

117 678 126 708 ‘
140 667 212 744 illa,
229 668 353 756 quibus
368 690 511 754 superas
527 689 661 740 omnes,
679 687 765 752 cape
781 666 862 743 tela,
880 665 1031 753 Cupido,

115 770 218 857 inque
234 770 290 835 dei
306 781 425 857 pectus
441 771 569 836 celeres
586 769 705 835 molire
722 768 877 856 sagittas,

115 877 171 940 cui
186 876 328 962 triplicis
345 876 446 943 cessit
461 878 596 943 fortuna
612 875 797 941 novissima
813 874 926 962 regni.

114 993 151 1046 tu
168 1003 309 1068 superos
325 982 506 1072 ipsumque
517 982 654 1069 Jovem,
671 992 708 1046 tu
724 980 864 1047 numina
881 980 975 1067 ponti

114 1087 205 1153 victa
220 1089 354 1166 domas,
371 1089 554 1176 ipsumque
570 1087 657 1177 regit
672 1088 730 1174 qui
747 1086 889 1153 numina
905 1087 1012 1174 ponti.
1112 1118 1165 1174 ³70

114 1193 261 1260 Tartara
277 1195 360 1282 quid
377 1193 534 1262 cessant?
557 1215 619 1261 cur
635 1215 703 1260 non
721 1185 905 1281 matrisque
921 1205 1087 1283 tuumque

114 1299 296 1387 imperium
313 1299 466 1387 profers?
489 1301 603 1389 agitur
619 1321 698 1386 pars
714 1299 811 1365 tertia
828 1300 957 1365 mundi.

115 1417 278 1475 ettamen
294 1407 330 1472 in
347 1408 457 1484 caelo,
475 1428 564 1494 quae
577 1407 649 1495 jam
667 1405 830 1491 patientia
847 1417 962 1472 nostra
978 1417 1042 1485 est,

115 1506 321 1599 spernimur,
340 1535 380 1579 ac
396 1535 533 1579 mecum
549 1513 639 1579 vires
656 1512 854 1578 minuuntur
868 1511 1021 1580 Ameria.

114 1618 260 1685 Pallada
275 1642 389 1686 nonne
405 1619 502 1685 vides
514 1618 820 1708 jaculatricemque
837 1612 988 1685 Dianam
1112 1646 1163 1705 37⁵

114 1726 322 1792 abscessisse
339 1724 444 1791 mihi?
467 1725 605 1792 Cereris
620 1746 756 1812 quoque
772 1725 842 1790 filia
857 1725 970 1813 virgo,

114 1833 142 1898 si
158 1832 340 1919 patiemur,
359 1833 441 1908 erit;
466 1853 546 1897 nam
564 1853 644 1918 spes
660 1831 810 1897 adfectat
825 1833 979 1898 easdem.

113 1950 148 2004 at
162 1950 212 2016 tu,
230 1960 293 2025 pro
308 1938 401 2006 socio
421 1939 537 2027 (siqua
554 1949 605 2003 est
621 1959 663 2003 ea
680 1938 809 2025 gratia)
829 1959 952 2026 regno,

109 2045 219 2135 junge
234 2044 336 2111 deam
353 2045 499 2132 patruo!
545 2043 641 2110 Dixit
656 2043 797 2118 Venus;
821 2044 879 2111 ille
895 2045 1091 2131 pharetram

113 2152 226 2229 solvit,
236 2162 284 2231 et,
292 2152 431 2218 arbitrio
448 2151 577 2226 matris,
594 2152 638 2216 de
657 2151 749 2216 mille
767 2150 898 2239 sagittis
1110 2169 1164 2236 380

112 2279 217 2324 unam
235 2257 399 2344 seposuit,
416 2258 478 2323 sed
494 2277 564 2344 qua
580 2278 645 2322 nec
661 2257 792 2323 acutior
808 2257 892 2333 ulla,

112 2386 178 2431 nec
194 2365 307 2433 minus
323 2365 453 2431 incerta
471 2375 533 2440 est,
553 2384 618 2429 nec
633 2384 723 2450 quae
739 2363 854 2452 magis
869 2363 987 2432 audiat
1001 2384 1115 2433 arcus.

111 2470 337 2559 oppositoque
352 2491 446 2559 genu
462 2470 617 2536 curvavit
632 2469 746 2534 flexile
764 2490 893 2536 cornu:

112 2575 215 2664 inque
231 2598 291 2644 cor
306 2579 445 2644 hamata
461 2577 629 2665 percussit
645 2579 814 2644 arundine·
828 2577 957 2644 Ditem.

70 2692 143 2709 ““”
159 2685 265 2753 Haud
280 2686 400 2771 procul
417 2684 596 2751 Hennaeis
614 2685 711 2751 lacus
726 2695 778 2750 est
794 2705 815 2749 a
832 2685 1010 2751 moenibus
1026 2684 1130 2762 altae,

110 2793 250 2860 nomine
266 2791 414 2881 Pergus,
431 2812 554 2879 aquae.
602 2789 684 2857 Non
700 2791 760 2857 illo
776 2791 874 2877 plura
891 2789 1056 2879 Caystros

110 2899 266 2965 carmina
282 2919 469 2987 cycnorum
485 2898 679 2963 labentibus
695 2899 789 2965 audit
804 2898 840 2963 in
855 2899 969 2964 undis.

111 3004 199 3070 silva
213 3016 355 3071 coronat
371 3024 480 3092 aquas
496 3003 641 3092 cingens
657 3004 745 3070 latus
760 3026 876 3080 omne,
894 3004 1034 3091 suisque

110 3110 289 3176 frondibus
304 3123 342 3176 ut
355 3110 433 3176 velo
449 3109 630 3176 Phoebeos
646 3111 824 3176 submovet
839 3111 949 3198 ignes.

110 3218 240 3306 frigora
256 3218 340 3284 dant
355 3217 456 3292 rami,
473 3216 603 3305 Tyrios
618 3218 743 3282 humus
760 3219 902 3283 humida
917 3216 1040 3283 flores:
1108 3247 1161 3305 390

109 3335 313 3410 perpetuum
328 3314 390 3390 ver
405 3335 468 3390 est.
516 3322 600 3408 Quo
614 3324 695 3388 dum
714 3322 919 3409 Proserpina
936 3323 1014 3388 luco

109 3430 209 3505 ludit,
226 3441 260 3496 et
275 3440 334 3495 aut
348 3430 457 3496 violas
474 3440 532 3494 aut
548 3430 696 3494 candida
712 3429 784 3494 lilia
800 3430 921 3515 carpit,

108 3536 261 3624 dumque
277 3535 422 3622 puellari
438 3534 550 3601 studio
566 3535 788 3622 calathosque
804 3534 986 3622 sinumque

107 3642 241 3729 implet,
259 3654 293 3708 et
308 3643 471 3729 aequales
487 3652 594 3707 certat
609 3662 772 3727 superare
788 3642 951 3729 legendo,
1040 3708 1043 3715 ,

108 3768 220 3834 paene
237 3747 338 3814 simul
354 3748 428 3813 visa
444 3758 495 3813 est
510 3748 703 3833 dilectaque
719 3759 885 3834 raptaque
903 3746 994 3835 Diti:
1045 3734 1059 3779 ·’
1105 3766 1157 3833 393

107 3875 217 3944 usque
234 3853 322 3921 adeo
337 3865 389 3921 est
400 3865 605 3944 properatus
622 3875 734 3924 amor.
780 3853 866 3924 Dua
878 3854 1003 3924 territa
1015 3861 1157 3918 maesto
