2490 4208
90 161 116 214 1.
142 160 198 232 79·]
302 138 338 206 T
331 140 373 206 Ire
395 139 581 206 Heavens:
612 139 776 207 Creatzbn
801 140 849 227 of
860 139 964 205 Mon.
1121 155 1140 225 7
1175 171 1178 175 ·

90 350 186 426 parte
203 350 320 404 secant
335 359 456 415 zonae,
475 337 593 425 quinta
610 348 660 403 est
676 336 849 402 ardentior
864 336 953 402 illis:

91 447 141 511 sic
156 467 243 511 onus
258 445 427 510 inclusum
444 466 587 510 numero
604 444 757 509 distinxit
773 444 895 509 eodem

91 573 174 617 cura
190 552 259 628 dei,
276 552 484 638 totidemque
500 553 627 638 plagae
643 551 764 616 tellure
781 561 992 635 premuntur.

90 679 236 745 quarum
253 679 341 745 quae
358 657 471 723 media
487 668 550 733 est,
568 669 704 722 nonest
721 656 917 722 habitabilis
934 668 1051 733 aestu,

90 764 152 829 nix
168 765 251 853 tegit
268 765 335 830 alta
352 765 459 840 duas3
483 764 623 830 totidem
639 763 727 829 inter
742 774 922 851 utramque
938 765 1076 842 locavit,
1111 795 1145 851 50

90 871 358 958 temperiemque
368 871 474 950 dedit,
484 871 590 936 mixta
606 891 684 935 cutn
702 870 830 959 frigore
847 871 999 936 flamma.

137 977 297 1042 Imminet
314 977 367 1042 his
384 983 463 1042 aer:
487 977 559 1064 qui,
578 988 705 1064 quanto
723 989 774 1042 est
790 979 942 1062 pondere
958 988 1069 1044 terrae

92 1085 227 1171 pondus
244 1105 354 1171 aquae
371 1084 493 1159 levius,
512 1095 605 1150 tanto
623 1095 674 1149 est
689 1085 865 1151 onerosior
880 1085 967 1175 igni.

92 1191 163 1256 illic
179 1201 211 1257 et
227 1191 383 1266 nebulas,
402 1190 472 1255 illic
489 1190 674 1257 consistere
690 1193 799 1258 nubes

53 1291 60 1304 '
88 1297 202 1386 jussit,
220 1308 254 1362 et
270 1298 439 1362 humanas
456 1308 590 1362 motura
605 1298 752 1362 tonitrua
769 1309 911 1377 menteS,
1113 1327 1144 1386 55

92 1415 126 1468 et
142 1424 220 1468 curn
236 1404 436 1469 fulminibus
452 1402 617 1469 facientes
634 1404 762 1492 frigora
779 1418 911 1472 ventos.

92 1511 147 1576 his
162 1532 298 1598 quoque
315 1532 385 1575 non
402 1510 529 1596 passim
547 1511 665 1575 mundi
682 1496 866 1582 fabricator
882 1513 1080 1579 habendum
1123 1564 1126 1570 .

92 1623 173 1683 aera
190 1617 364 1703 permisit:
389 1617 449 1681 vix
466 1640 557 1682 nunc
574 1618 744 1711 obsistitur
758 1618 836 1697 iltis,

92 1746 172 1790 curn
188 1746 251 1790 sua
266 1724 411 1812 quisque
428 1735 551 1812 regant
567 1725 703 1790 diverso
720 1725 861 1792 flamina
877 1737 998 1803 tractu,

91 1830 175 1918 quin
192 1831 320 1896 lanient
338 1831 523 1905 mundum3
548 1842 641 1896 tanta
658 1842 709 1897 est
724 1832 895 1899 discordia
909 1834 1064 1898 fratrum.
1110 1849 1145 1904 60

92 1937 207 2004 Eurus
224 1938 268 2003 ad
285 1958 443 2002 auroram
460 1937 709 2025 Nabataeaque
726 1959 836 2026 regna
852 1941 1005 2017 recessit,

91 2045 304 2132 Persidaque
321 2055 354 2110 et
369 2044 474 2110 radiis
487 2044 573 2133 juga
591 2044 726 2109 subdita
743 2047 937 2121 matutinis3
1011 2044 1013 2046 ’

90 2151 228 2238 Vesper
243 2162 276 2217 et
292 2151 436 2217 occiduo
452 2172 541 2238 quae
558 2151 655 2217 litora
672 2153 744 2217 sole
761 2163 952 2238 tepescunt,

92 2259 250 2346 proxima
267 2270 346 2324 sunt
360 2257 545 2344 Zephyr03
570 2257 750 2344 Scythiam
768 2270 967 2347 septemque
983 2259 1127 2325 trionem

92 2367 236 2432 horrifer
252 2365 377 2430 invasit
393 2364 544 2438 Boreas3
570 2365 739 2429 contraria
755 2364 857 2430 tellus
940 2358 944 2363 ’
1110 2385 1143 2453 ⁶5

92 2472 240 2537 nubibus
257 2471 402 2538 assiduis
420 2470 604 2557 pluvioque
622 2471 787 2537 madescit
803 2473 846 2537 ab
865 2469 1006 2536 Austro.

92 2581 181 2644 haec
196 2600 299 2664 super
314 2578 476 2664 imposuit
491 2577 658 2665 liquidum
676 2588 708 2643 et
725 2577 892 2666 gravitate
909 2588 1082 2644 carentem

93 2686 245 2762 aethera,
264 2706 328 2751 nec
345 2685 528 2772 quicquam
546 2670 702 2749 terrenae
718 2684 824 2750 faecis
841 2686 1037 2751 habentem.

135 2791 209 2858 Vix
224 2792 270 2857 ita
285 2792 448 2857 limitibus
464 2791 695 2877 dissaepserat
710 2791 827 2858 omnia
844 2792 957 2869 certis,

92 2920 172 2964 cum
188 2921 277 2986 quae
293 2918 412 2985 pressa
429 2898 486 2964 diu
504 2919 618 2964 massa
635 2899 765 2963 latuere
782 2899 845 2964 sub
862 2899 935 2976 illa,
1111 2929 1145 2985 70

93 3005 205 3071 sidera
222 3016 407 3091 coeperunt
422 3016 491 3070 toto
508 3005 734 3071 effervescere
751 3006 869 3072 caelo:

92 3135 161 3177 neu
177 3111 273 3200 regio
289 3112 374 3177 foret
390 3112 461 3175 ulla
477 3111 548 3176 suis
565 3112 796 3178 animantibus
812 3112 909 3187 orba,

93 3231 183 3284 astra
199 3229 315 3284 tenent
330 3219 478 3284 caeleste
495 3218 606 3282 solum
623 3220 822 3306 formaeque
844 3219 987 3285 deorum
997 3245 1007 3296 3

93 3337 268 3391 cesserunt
284 3325 398 3390 nitidis
415 3325 622 3390 habitandae
639 3325 789 3411 piscibus
805 3327 920 3392 undae
930 3348 948 3402 3·

91 3444 181 3497 terra
198 3432 287 3497 feras
304 3432 405 3517 cepit,
423 3432 581 3496 volucres
598 3432 771 3518 agitabilis
788 3440 860 3499 aer.
1111 3462 1143 3521 75

137 3538 298 3604 Sanctius
315 3538 367 3603 his
385 3536 514 3601 animal
532 3538 723 3625 mentisque
741 3540 904 3626 capacius
921 3542 1011 3607 altae

91 3646 209 3710 deerat
226 3647 351 3720 adhuc,
370 3655 403 3709 et
418 3644 510 3730 quod
526 3644 695 3710 dominari
711 3645 747 3710 in
764 3658 876 3712 cetera
894 3660 1020 3733 posset.
1129 3684 1132 3689 ·

92 3763 191 3816 natus
208 3752 309 3817 homo
326 3762 396 3816 est:
421 3751 493 3816 sive
511 3751 603 3815 hunc
619 3751 735 3817 divino
752 3754 882 3819 semine
899 3754 980 3821 fecit

90 3860 149 3925 ille
165 3858 281 3946 opifex
297 3878 421 3934 rerum,
441 3857 559 3924 mundi
576 3858 731 3930 melioris
748 3861 867 3957 origo,
