2490 4208
775 62 799 109 ο

109 190 172 259 124
323 169 477 258 Rz'valry
500 174 549 258 of
561 170 660 260 Asux
683 172 757 238 and
783 168 933 258 Ulysser.
1012 188 1155 260 [Mem

105 370 182 455 quis
197 379 275 434 tuus
291 390 373 434 usus
390 366 484 434 erat?
529 369 623 434 Nam
640 369 669 435 si
685 390 763 434 mea
779 368 870 434 sacta
886 368 1046 456 requiris,

105 474 258 540 hostibus
274 476 426 552 insidior,
445 476 555 541 fossas
571 476 760 541 munimine
779 475 896 562 cing0,

43 584 47 591 ’
104 583 263 646 consolor
279 582 401 658 socios,
420 594 456 647 ut
472 582 568 670 longi
585 583 698 648 taedia
714 583 796 648 belli

104 699 218 753 mente
235 689 345 753 serant
360 688 517 774 placida3
543 690 664 765 doceo,
681 710 749 775 quo
766 689 873 755 simus
890 691 1006 759 alendi

105 794 328 881 armandique
344 795 468 870 modo;
493 795 618 872 mittor,
635 817 704 883 quo
721 797 870 881 postulat
886 821 980 864 usus.
1106 830 1155 889 215

150 910 159 940 ‘
176 900 268 966 Ecce
279 901 376 987 Jovis
393 901 535 977 monitu,
554 901 718 986 deceptus
735 902 888 992 imagine
904 905 1031 985 somni,

104 1029 167 1073 rex
179 1007 276 1096 jubet
290 1007 437 1092 incoepti
454 1028 572 1088 curam
589 1008 757 1074 dimittere
772 1011 875 1076 bellis

103 1115 161 1181 ille
178 1126 287 1200 potest
303 1125 440 1180 auctore
456 1136 555 1180 suam
572 1115 757 1183 defendere
773 1140 907 1185 vocem.

103 1244 172 1287 non
188 1221 278 1286 sinat
293 1222 359 1286 hoc
374 1220 480 1309 AjaX,
500 1221 714 1309 delendaque
730 1224 903 1313 Pergama
919 1238 1052 1312 poscat,

102 1328 261 1416 quodque
278 1337 399 1413 potest,
417 1325 569 1414 pugnetl
618 1328 690 1396 Cur
706 1353 775 1397 non
791 1345 982 1398 remoratur
996 1332 1128 1401 ituros?

103 1457 164 1501 cur
180 1457 248 1500 non
266 1455 361 1499 arma
379 1435 482 1520 capit,
501 1436 572 1513 dat,
591 1439 683 1525 quod
700 1460 792 1527 vaga
807 1440 906 1504 turba
923 1438 1110 1527 sequatur?

102 1564 172 1607 non
189 1552 261 1606 erat
277 1542 343 1606 hoc
359 1541 503 1606 nimium
520 1565 708 1631 numquam
724 1546 789 1610 nisi
808 1566 936 1634 magna
952 1545 1118 1633 loquenti.

102 1649 184 1737 quid
201 1651 292 1736 quod
309 1660 342 1714 et
358 1649 431 1734 ipse
447 1649 557 1737 fugit?
601 1651 696 1729 Vidi,
715 1652 903 1738 puduitque
919 1653 1050 1730 videre,

103 1776 182 1821 curn
198 1768 234 1821 tu
250 1768 348 1843 terga
365 1756 478 1833 dares,
498 1757 745 1846 inhonestaque
761 1760 839 1824 vela
855 1779 1008 1845 parares.

102 1883 167 1926 nec
184 1882 300 1930 mora:
324 1860 592 1946 Qurdfacz'tz’s?
615 1887 703 1951 quae
718 1887 778 1929 vos
793 1866 964 1930 dementia
984 1865 1095 1954 (dixi)

102 1971 264 2045 concitat,
287 1967 428 2046 Osociz',
447 1978 584 2058 captam
601 1973 775 2036 dimittere
798 1970 833 2036 T
828 1968 974 2059 rojam?

102 2076 229 2160 qualive
244 2076 500 2162 donzumsertz's
516 2079 657 2152 decium,
677 2079 748 2141 nisi
760 2077 917 2153 dedecor,
936 2073 1065 2143 anno?

102 2181 226 2245 talibus
244 2193 345 2268 atque
362 2184 449 2260 aliis,
466 2184 501 2248 in
518 2206 607 2270 quae
624 2185 721 2249 dolor
736 2185 809 2269 ipse
826 2184 990 2248 disertum

102 2286 242 2364 fecerat,
261 2310 399 2355 aversos
417 2291 563 2378 profuga
580 2291 623 2355 de
640 2291 750 2355 classe
766 2289 901 2355 reduxi.

149 2395 352 2463 ‘Convocat
367 2395 507 2462 Atrides
524 2397 633 2462 socios
649 2408 776 2461 terrore
794 2406 980 2482 paventes3
1103 2428 1155 2483 230

102 2524 168 2568 nec
183 2503 451 2569 Telamoniades
468 2503 570 2568 etiam
587 2524 679 2567 nunc
696 2503 830 2567 hiscere
845 2502 1031 2588 quicquam

103 2612 218 2677 audet.
266 2613 313 2679 At
329 2634 433 2679 ausus
451 2623 524 2677 erat
539 2632 640 2697 reges
658 2609 829 2674 incessere
846 2608 946 2674 dictis

102 2721 292 2798 Thersites,
311 2722 414 2786 etiarn
432 2741 493 2806 per
509 2740 564 2783 me
582 2717 674 2781 haud
690 2717 843 2800 impune,
861 2714 1039 2800 protervis.

102 2827 230 2915 erigor,
248 2838 281 2892 et
296 2828 445 2912 trepidos
462 2828 554 2892 cives
571 2826 732 2889 exhortor
748 2821 783 2885 in
801 2822 948 2898 hostem,

104 2936 334 3021 amissamque
352 2955 428 2998 mea
444 2933 601 2997 virtutem
618 2951 703 2996 voce
721 2949 877 3013 reposco.
1103 2958 1153 3013 235

103 3050 255 3125 tempore
273 3040 410 3115 abhoc,
428 3040 669 3126 quodcumque
690 3046 800 3121 potest
815 3034 937 3099 fecisse
953 3033 1064 3098 videri

103 3145 231 3211 fortiter
246 3147 320 3221 iste,
340 3168 454 3211 meum
471 3156 533 3219 est,
552 3145 610 3230 qui
627 3146 766 3209 dantem
784 3153 880 3229 terga
897 3139 1039 3206 retraxi.

103 3252 250 3337 denique
267 3253 309 3317 de
327 3251 458 3316 Danais
475 3250 550 3337 quis
566 3260 599 3315 te
616 3249 777 3315 laudatve
795 3245 944 3334 petitve?

149 3358 222 3423 ‘At
238 3380 299 3423 sua
316 3359 472 3445 Tydides
490 3379 624 3422 mecum
643 3357 874 3421 communicat
891 3364 982 3431 acta,

103 3488 159 3530 me
175 3466 308 3551 probat,
327 3475 360 3530 et
376 3464 468 3530 socio
486 3484 621 3548 semper
639 3462 777 3527 confidit
795 3461 914 3527 Ulixe.
1104 3488 1154 3541 240

103 3583 155 3637 est
171 3572 312 3658 aliquid,
331 3572 374 3636 de
390 3581 437 3634 tot
454 3568 636 3634 Graiorum
655 3568 791 3632 milibus
808 3588 916 3631 unum

103 3701 123 3744 a
141 3679 309 3744 Diomede
326 3676 408 3764 legi.
458 3675 535 3741 Nec
552 3697 606 3739 me
623 3696 696 3740 sors
712 3674 762 3739 ire
774 3673 939 3761 jubebat:

103 3786 153 3851 sic
168 3797 296 3861 tamen,
314 3796 347 3848 et
363 3794 476 3868 spreto
492 3781 668 3867 noctisque
685 3780 859 3865 hostisque
875 3778 1019 3864 periclo,

84 3912 215 3958 ausum
233 3894 374 3973 eadem,
393 3912 485 3982 quae
502 3912 581 3970 nos,
596 3886 757 3979 Phrygia
772 3887 815 3953 de
831 3898 933 3973 gente
949 3885 1088 3975 Dolona
