2490 4208
137 173 272 247 11.310.]
342 154 491 244 Appaal
510 158 558 243 eff
569 157 627 224 rte
648 112 768 224 Eartdr
789 164 823 223 to
852 154 1011 244 Jupiter.
1143 172 1184 243 27

134 374 239 441 quam
256 355 342 420 solet
357 375 445 430 esse,
465 354 540 430 fuit,
558 375 725 442 sacraque
741 353 787 418 ita
803 374 889 418 voce
904 353 1018 418 locuta
1035 365 1105 419 est:

181 459 243 525 ‘Si
278 460 392 546 placet
422 461 501 537 hoc,
535 461 726 547 meruique,
758 459 841 547 quid
880 458 913 525 Ο
951 470 1010 525 tua
1040 460 1184 527 fulmina

269 576 418 642 cessant,

133 694 266 739 summe
283 671 408 737 deum?
432 673 534 738 liceat
550 673 720 759 periturae
736 671 891 737 viribus
881 672 1025 758 1gnis0
1034 693 1185 746 wazso

131 779 214 866 igne
230 778 342 863 perire
357 789 428 855 tuo,
447 779 649 866 clademque
667 790 804 844 auctore
821 778 948 843 levare.

130 887 190 950 vix
206 885 365 972 equidem
382 870 513 951 fauces'
516 887 628 951 haec
619 906 695 972 ipsa
710 887 746 950 in
761 885 868 951 verba
883 885 1036 951 r’esolvo
1047 922 1093 936 ·—·

131 1003 301 1112 presserat
317 1012 377 1057 ora
392 1014 501 1077 vapor
511 1003 576 1042 -‘
592 1004 696 1058 tostos
713 1013 755 1058 en
774 991 889 1077 aspice
906 991 1030 1069 crines,

130 1098 233 1185 inque
250 1096 358 1183 oculsp
374 1109 518 1174 tantum,
536 1108 667 1164 tantum
684 1118 787 1183 super
802 1117 863 1163 ora
879 1086 1041 1195 favillae}

130 1206 238 1270 hosne
255 1205 339 1269 mihi
355 1205 497 1281 fructus,
515 1207 608 1270 hunc
624 1203 803 1270 fertilitatis
820 1204 986 1270 honorem
1003 1224 1181 1292 .,........283

130 1311 299 1399 officiique
316 1311 436 1387 refers,
453 1313 544 1398 quod
561 1311 688 1378 adunci
703 1312 852 1396 vulnera
864 1311 967 1376 aratri

129 1429 382 1505 rastrorumque
398 1417 483 1493 sero,
502 1429 639 1505 totoque
656 1438 820 1482 exerceor
836 1438 943 1494 anno,

129 1525 220 1611 quod
237 1523 352 1609 pecori
368 1523 506 1644 frondes
524 1504 751 1610 alimentaque
769 1522 865 1587 mitia
896 1523 1014 1611 fruges

129 1631 281 1695 humano
297 1631 430 1718 generi,
448 1632 544 1696 vobis
561 1653 696 1719 quoque
713 1642 788 1694 tura
805 1628 981 1695 ministro?
1068 1634 1078 1653 ¹

129 1738 190 1803 sed
206 1750 321 1802 tamen
337 1737 478 1802 exitium
495 1737 550 1802 fac
566 1758 622 1811 me
639 1736 817 1812 meruisse,
819 1736 918 1852 quid
934 1737 1107 1812 undae3-
1093 1769 1180 1826 0..90

127 1844 225 1963 quid
227 1844 350 1908 meruit
366 1842 491 1909 frater?
514 1862 576 1965 qur
591 1830 641 1909 illi
656 1816 780 1935 tradita
796 1855 886 1908 sorte

128 1971 280 2038 aequora
295 1924 498 2016 decrescunt
513 1922 547 2015 e⁷t
563 1951 606 2015 ab
623 1928 761 2015 aethere
778 1928 916 2037 longius
932 1948 1076 2015 absunt?

127 2056 262 2144 quod
236 2079 264 2122 si
280 2056 489 2131 secuntus,
505 2067 621 2122 necte
639 2077 716 2122 mea
734 2056 845 2144 gratia
860 2056 985 2144 tangit,

128 2176 164 2231 at
178 2156 265 2229 caeli
281 2163 443 2253 miserere
458 2161 528 2228 tuil
553 2163 778 2248 circumspice
794 2174 996 2249 utrumquez
1128 2196 1144 2227 ι

126 2272 235 2338 sumat
250 2281 392 2365 uterque
408 2272 527 2358 polus;
552 2293 639 2358 quos
655 2271 684 2337 si
700 2269 869 2365 vitiaverit
883 2271 988 2360 ignis.
1051 2301 1177 2360 ιον-093
1238 2296 1243 2307 ·

126 2379 212 2444 atria
228 2391 341 2454 vestra
355 2389 468 2445 ruent
514 2376 615 2449 Atlas
631 2399 675 2444 en
692 2377 765 2464 ipse
782 2378 926 2453 laborat,

124 2487 253 2575 vixque
268 2488 339 2554 suis
355 2486 506 2552 humeris
522 2487 726 2554 candentem
743 2486 1016 2553 sustinet-axem.

119 2595 270 2670 eistete,
289 2595 317 2661 si
333 2606 452 2685 terrae·
462 2595 617 2681 peremit,
636 2595 664 2660 si
682 2594 779 2682 r'egia
795 2593 896 2669 caeli,

124 2701 162 2766 in
177 2703 285 2768 chaos
300 2703 477 2790 antiquum
495 2703 774 2768 confundimur..
796 2702 900 2787 Eripe
915 2699 1078 2776 flammis,

125 2810 238 2897 siquid
255 2812 370 2877 adhuc
385 2823 556 2897 superest,
570 2822 603 2876 et
619 2831 733 2875 rerum
750 2810 890 2875 consule
907 2808 1096 2874 summae?
1102 2838 1177 2893 --300

68 2909 316 2984 *Dixerat
332 2920 420 2984 haec
434 2918 577 2985 Tellus·
600 2939 713 3004 neque
729 2916 821 2982 enim
838 2917 984 2981 tolerare
999 2930 1164 3000 vaporem

123 3023 266 3090 ulterius
282 3024 401 3111 pontit,
419 3044 484 3091 nee
499 3025 614 3090 dicere
630 3025 750 3109 plura;
775 3044 945 3108 suumque
1091 3036 1094 3041 '

123 3130 251 3195 rettulit
266 3153 305 3196 os
320 3130 355 3195 in
371 3152 409 3196 se
425 3131 653 3217 propioraque
670 3129 834 3195 Manibus
852 3140 962 3195 antra.

124 3236 217 3319 ,-·'At
233 3247 329 3322 pater
342 3238 571 3323 omnipotens,
589 3258 733 3322 superos
749 3246 889 3301 testatus
906 3246 939 3300 et
954 3235 1067 3320 ipsum

124 3343 182 3429 qui
200 3344 340 3410 dederat
356 3365 488 3418 currus,
506 3343 571 3409 nisi
588 3364 689 3428 opem
706 3342 805 3418 ferat,
823 3342 938 3407 omnia
954 3342 1174 3429 satos-*303

123 3449 299 3515 interitura
315 3450 425 3538 gravi,
443 3470 613 3515 summam
630 3449 712 3534 petit
729 3450 855 3515 arduus
872 3469 1000 3524 arcem,

122 3555 216 3620 unde
232 3556 318 3621 solet
333 3556 410 3621 latis
427 3556 535 3620 nubes
550 3554 714 3620 inducere
729 3555 841 3631 terris,

85 3668 97 3727 Ζ
122 3662 215 3726 unde
232 3673 345 3727 movet
360 3662 515 3737 tonitrus,
532 3662 731 3747 vibrataque
749 3661 892 3725 fulmina
905 3661 1023 3749 jactat.

122 3767 185 3833 sed
201 3787 326 3855 neque,
343 3788 430 3854 quas
446 3779 560 3853 posset
574 3766 672 3832 terris
689 3768 866 3841 inducere,
883 3768 992 3832 nubes

81 3882 89 3895 “
121 3882 205 3939 turm
219 3872 350 3951 habuit,
368 3893 434 3939 nec
447 3894 533 3962 quos
550 3875 650 3944 caelo
666 3874 874 3956 dimitteret,
888 3874 1058 3942 imbres·
1075 3913 1085 3921 -
1150 3897 1212 3951 zm
