2490 4208
90 123 164 181 .V11.
191 123 268 196 aaa]
412 106 485 174 Tae
506 106 632 195 Magio
659 105 852 174 Cauldron.
887 124 892 129 ·

93 321 271 389 aeneaque
287 303 474 392 invergens
489 303 594 390 tepidi
612 303 789 369 carchesia
806 301 918 377 lactis,

91 408 198 472 verba
214 408 315 474 simul
332 411 431 486 fudit,
448 420 652 496 terrenaque
668 409 810 474 numina
828 407 921 483 civit,

91 515 362 603 umbrarumque
377 527 477 604 rogat
492 528 590 601 rapta
607 536 686 580 cum
704 515 853 602 conjuge
868 534 1002 602 regem,

91 642 136 686 ne
153 633 337 707 properent
353 633 445 688 artus
456 606 570 690 fflima
584 622 744 686 fraudare
760 619 873 684 senili.
1094 652 1146 708 250

138 726 238 812 Quos
255 728 313 794 ubi
329 726 490 814 placavit,
508 727 736 813 precibusque
752 737 786 791 et
803 747 976 792 murmure
993 726 1113 815 longo,

91 832 241 899 Aesonis
258 833 420 901 effoetum
436 833 580 920 proferri
596 854 721 918 corpus
739 832 783 896 ad
800 853 901 899 auras

88 938 201 1028 jussit,
221 951 255 1005 et
269 939 304 1004 in
320 941 441 1026 plenos
457 940 643 1006 resolutum
661 938 813 1005 carmine
830 961 981 1017 somnoS,

92 1044 245 1111 exanimi
261 1045 408 1113 similem
425 1047 536 1117 stratis
553 1044 705 1132 porrexit
721 1044 755 1109 in
773 1045 900 1112 herbis.

92 1151 174 1216 hinc
190 1153 310 1237 procul
321 1151 535 1229 Aesoniden,
549 1152 669 1239 procul
686 1152 768 1217 hinc
780 1151 877 1241 jubet
893 1151 942 1219 ire
956 1152 1140 1228 ministros,

91 1268 127 1323 et
142 1268 258 1324 monet
274 1259 410 1325 arcanis
426 1259 544 1325 oculos
560 1278 737 1324 removere
754 1259 927 1345 profanos,

92 1363 279 1453 diffugiunt
292 1364 398 1454 jussi;
424 1364 535 1450 passis
551 1362 678 1429 Medea
696 1365 842 1451 capillis,

92 1470 322 1536 bacchantum
339 1470 417 1547 ritu,
435 1469 622 1558 flagrantes
638 1471 758 1544 circuit
773 1492 873 1538 aras:

92 1577 346 1665 multifidasque
363 1577 457 1642 saces
474 1576 508 1641 in
525 1576 617 1643 fossa
633 1578 813 1667 sanguinis
831 1589 904 1644 atra

92 1683 230 1772 tinguit,
249 1695 282 1749 et
298 1683 457 1749 intinctas
473 1683 621 1771 geminis
638 1685 796 1750 accendit
811 1686 845 1750 in
863 1685 952 1762 aris;
1093 1701 1145 1755 260

90 1801 210 1878 terque
226 1811 344 1856 senem
361 1789 515 1866 flamma,
533 1801 584 1856 ter
600 1812 703 1878 aqua,
721 1803 772 1857 ter
788 1793 916 1858 sulfure
934 1793 1065 1857 lustrat.

137 1896 273 1963 Interea
289 1896 442 1961 validum
458 1897 566 1981 posito
584 1898 799 1963 medicamen
817 1904 903 1964 aeno

94 2002 212 2079 servet,
230 2013 264 2068 et
279 2003 427 2068 exsultat
442 2004 639 2090 spumisque
656 2004 863 2069 tumentibus
880 2005 982 2069 albet.

95 2109 163 2175 illic
180 2109 375 2175 Haemonia
392 2110 525 2175 radices
541 2111 632 2175 valle
649 2122 799 2176 resectas
945 2106 950 2116 '

95 2216 293 2303 seminaque
309 2215 478 2304 floresque
495 2226 528 2281 et
544 2215 645 2282 sucos
662 2217 813 2304 incoquit
830 2238 939 2282 acres.
1092 2234 1142 2303 265

96 2323 197 2388 adicit
211 2334 364 2389 extremo
381 2323 514 2410 lapides
531 2322 673 2388 Oriente
690 2323 825 2410 petitos,

96 2442 125 2495 et
140 2451 227 2516 quas
243 2427 376 2494 Oceani
392 2428 538 2494 refluum
556 2450 649 2493 mare
666 2429 748 2494 lavit
764 2449 897 2495 arenas.

97 2536 187 2603 addit
202 2547 235 2602 et
250 2547 412 2620 exceptas
429 2535 511 2599 luna
529 2546 690 2621 pernocte
706 2535 861 2620 pruinas,

97 2655 125 2709 et
140 2642 254 2730 strigis
271 2642 416 2707 infames
434 2641 516 2727 ipsis
533 2663 613 2706 cum
630 2641 790 2707 carnibus
808 2642 895 2718 alaS,

97 2748 195 2839 inque
211 2750 322 2816 virum
339 2748 428 2814 soliti
444 2748 557 2813 vultus
575 2757 705 2812 mutare
723 2747 850 2813 serinos

98 2857 246 2945 ambigui
263 2867 420 2942 prosecta
436 2854 528 2940 lupi3
553 2874 619 2918 nec
635 2853 742 2919 deluit
757 2853 829 2919 illic

98 2984 257 3052 squamea
274 2961 439 3051 Cinyphii
455 2961 566 3026 tenuis
583 2962 784 3025 membrana
802 2958 972 3048 chelydri,

99 3070 287 3157 vivacisque
299 3069 398 3158 jecur
414 3068 518 3144 cervi,
536 3067 661 3154 quibus
678 3067 817 3153 insuper
834 3068 929 3132 addit

97 3197 152 3242 ora
169 3186 338 3263 caputque
355 3197 478 3241 novem
496 3174 642 3241 cornicis
660 3177 799 3241 saecula
817 3195 954 3259 passae.

138 3282 204 3348 His
221 3292 255 3348 et
271 3282 363 3347 mille
380 3282 456 3347 aliis
473 3293 652 3371 postquam
670 3282 744 3346 sine
762 3280 900 3345 nomine
917 3282 1020 3345 rebus
1093 3310 1143 3364 275

98 3388 303 3475 propositum
320 3387 479 3453 instruxit
494 3388 656 3453 remorari
672 3387 821 3451 Tartara
837 3409 976 3463 munus,

100 3496 201 3562 arenti
218 3516 314 3561 ramo
326 3493 534 3583 jampridem
552 3493 639 3558 mitis
656 3493 768 3558 olivae
1046 3478 1049 3483 ’

100 3602 209 3667 omnia
226 3600 391 3675 confudit,
408 3599 618 3685 summisque
634 3598 818 3666 immiscuit
834 3600 916 3665 ima.

101 3729 176 3774 ecce
190 3718 288 3773 vetus
305 3705 417 3771 calido
433 3716 588 3769 versatus
604 3705 709 3790 stipes
726 3711 814 3770 a'e'no

100 3814 133 3880 fit
146 3814 263 3879 viridis
279 3812 403 3899 primo,
420 3831 486 3886 nec
502 3811 607 3911 longo
624 3821 781 3902 tempore
797 3813 943 3894 frondes
1109 3829 1167 3881 nso
