2490 4208
88 188 136 279 98
173 262 177 268 ,
380 188 539 276 Orpheus
562 189 637 253 and
657 187 850 275 Eurydice.
1001 202 1146 276 [Mfflffi

92 385 203 450 exitus
220 383 374 469 auspicio
391 385 549 472 gravior3
575 406 655 448 nam
672 393 791 469 nupta,
809 404 872 469 per
887 383 1014 449 herbas
1034 435 1035 438 η

94 494 175 557 dum
192 512 280 556 nova
298 492 462 555 naiadum
480 492 578 555 turba
596 491 756 555 comitata
772 500 932 576 vagatur,

94 599 230 672 occidit,
249 598 283 661 in
300 598 406 660 talum
425 597 591 681 serpentis
609 597 710 660 dente
727 607 878 680 recepto.
1117 626 1147 665 10

141 704 257 787 Quam
275 704 355 768 satis
373 703 417 766 ad
435 724 577 787 superas
594 714 776 788 postquam
792 701 1020 786 Rhodopeius
1038 722 1139 766 auras

95 812 233 877 deflevit
248 820 356 885 vates,
375 830 419 873 ne
435 830 504 872 non
522 818 704 893 temptaret
720 820 753 873 et
767 809 921 883 umbras

96 919 140 983 ad
157 917 270 1005 Styga
286 914 460 980 Taenaria
478 926 528 978 est
545 936 649 980 ausus
667 915 876 980 descendere
893 925 1012 999 porta3

95 1046 223 1111 perque
241 1024 333 1088 leves
349 1023 494 1108 populos
512 1021 764 1107 simulacraque
781 1020 897 1085 functa
914 1021 1074 1106 sepulcro

94 1130 340 1215 Persephonen
358 1129 452 1203 adiit,
471 1128 723 1213 inamoenaque
739 1148 849 1214 regna
864 1139 1037 1192 tenentem
1118 1154 1147 1212 15

5 1232 8 1238 ’
94 1239 293 1302 umbrarum
312 1236 502 1300 dominum.
550 1233 734 1319 Pulsisque
750 1234 795 1298 ad
812 1234 967 1298 carmina
983 1233 1100 1298 nervis

96 1342 145 1408 sic
163 1342 228 1406 ait:
255 1342 310 1407 ‘O
328 1341 426 1426 positi
444 1340 507 1406 sub
523 1351 612 1405 terra
629 1341 771 1403 numina
788 1339 921 1415 mundi,

95 1449 131 1513 in
147 1470 248 1535 quem
266 1448 461 1523 recidimus,
480 1446 642 1533 quicquid
660 1446 802 1509 mortale
818 1466 998 1520 creamur3

96 1556 124 1620 si
141 1556 231 1630 licet,
252 1566 285 1618 et
302 1555 376 1618 falsi
394 1553 511 1638 positis
528 1551 732 1639 ambagibus
748 1550 817 1616 oris

95 1682 179 1725 vera
195 1661 286 1747 loqui
305 1660 424 1733 sinitis,
443 1682 511 1723 non
529 1661 609 1734 huc,
627 1668 663 1723 ut
679 1677 789 1741 opaca
805 1656 959 1722 viderem
1118 1690 1152 1730 20

96 1767 256 1840 Tartara,
276 1767 451 1841 descendi,
470 1787 534 1831 nec
551 1767 598 1829 uti
614 1765 736 1830 villosa
752 1764 903 1828 colubris

95 1885 193 1938 terna
209 1872 390 1938 Medusaei
407 1872 570 1937 vincirem
590 1883 726 1960 guttura
744 1870 896 1936 monstri.

97 2000 202 2044 causa
219 1979 294 2043 viae
312 1977 477 2067 conjunx,
494 1978 650 2064 inquam
667 1977 799 2042 calcata
816 1998 990 2041 venenum

95 2087 213 2170 vipera
230 2085 376 2159 diffudit,
396 2096 656 2170 crescentesque
674 2083 812 2149 abstulit
827 2104 949 2148 annos.

87 2212 197 2277 ‚posse
215 2191 284 2276 pati
300 2191 406 2264 volui,
426 2212 490 2255 nec
507 2211 561 2254 me
577 2201 762 2275 temptasse
779 2191 938 2278 negabo:
1118 2222 1152 2278 25
1187 2198 1196 2211 ⁰

95 2298 177 2362 vicit
193 2297 313 2362 Amor.
364 2296 498 2382 Supera
515 2298 599 2362 deus
617 2296 673 2361 hic
688 2297 777 2362 bene
794 2310 893 2362 notus
912 2297 946 2362 in
963 2318 1024 2364 ora
1041 2310 1116 2365 est:

98 2425 142 2467 an
159 2404 201 2469 sit
216 2415 249 2468 et
264 2403 334 2479 hic,
353 2404 481 2479 dubito,
501 2404 562 2468 sed
578 2414 611 2467 et
627 2403 684 2468 hic
699 2413 815 2468 tamen
834 2425 986 2492 auguror
1001 2427 1093 2471 esse.

96 2511 256 2597 famaque
273 2511 301 2575 si
317 2510 439 2575 veteris
457 2532 525 2575 non
542 2521 593 2575 est
609 2511 749 2575 mentita
765 2511 921 2596 rapinae,

96 2639 158 2682 vos
182 2638 318 2704 quoque
345 2617 459 2704 junxit
480 2613 597 2680 Amor.
643 2616 711 2682 Per
739 2640 805 2706 ego
828 2620 915 2683 haec
941 2619 1021 2684 loca
1046 2619 1153 2706 plena

230 2723 375 2798 timoris,

97 2851 159 2915 per
175 2829 292 2895 Chaos
309 2831 375 2894 hoc
392 2830 528 2916 ingens,
546 2829 702 2920 vastique
719 2831 853 2898 silentia
869 2828 984 2920 regni,
1118 2865 1154 2920 30

97 2932 301 3020 Eurydices,
319 2956 391 3007 oro,
411 2946 592 3018 properata
609 2936 751 3001 retexite
768 2937 850 3002 fata.

97 3040 213 3104 omnia
230 3041 393 3105 debemur
408 3041 517 3115 vobis,
537 3044 746 3131 paulumque
764 3044 885 3109 morati

98 3146 206 3210 serius
224 3158 281 3210 aut
297 3146 395 3211 citius
412 3146 527 3211 sedem
546 3170 771 3234 properamus
788 3151 968 3215 adunam.

97 3253 268 3317 tendimus
285 3254 352 3316 huc
368 3275 502 3329 omnes,
521 3255 609 3321 haec
625 3267 676 3320 est
692 3256 813 3321 domus
829 3258 971 3332 ultima3
995 3278 1130 3344 vosque

99 3360 237 3422 humani
256 3359 392 3445 generis
411 3361 612 3447 longissima
629 3384 738 3450 regna
755 3364 888 3430 tenetis.
1118 3394 1152 3450 35

98 3461 185 3526 haec
201 3484 349 3549 quoque,
368 3486 446 3528 cum
461 3466 570 3551 justos
588 3478 720 3531 matura
736 3468 907 3556 peregerit
923 3488 1046 3545 ann08,

96 3568 181 3655 juris
198 3569 260 3633 erit
275 3571 389 3635 vestri.
440 3571 508 3637 Pro
525 3594 667 3637 munere
683 3575 857 3658 poscimus
873 3596 987 3639 usum.

97 3675 188 3761 quod
206 3675 234 3739 si
251 3674 321 3740 sata
337 3689 467 3764 negant
482 3679 619 3742 veniam
636 3701 698 3765 pro
716 3680 876 3768 conjuge,
895 3693 1025 3745 certum
1043 3691 1097 3745 est

98 3782 188 3845 nolle
206 3783 317 3848 redire
335 3784 439 3848 mihi:
465 3784 531 3848 leto
547 3787 696 3872 gaudete
712 3786 883 3851 duorum.'

139 3887 240 3954 Talia
258 3889 432 3957 dicentem
449 3912 643 3982 nervosque
659 3893 706 3959 ad
718 3894 825 3970 uerba
840 3905 1035 3969 moventem
1117 3926 1156 3979 40
