2490 4208
92 200 147 255 IV.
169 200 244 274 856]
523 182 595 250 Tte
615 181 732 250 Fasti.

91 378 204 444 Fossa
220 381 369 467 repletur
385 381 504 456 humo,
522 379 715 467 plenaeque
732 374 917 466 imponitur
932 398 1007 455 ara,

140 485 185 549 Et
200 507 308 552 novus
325 508 471 553 accenso
487 486 641 572 fungitur
659 486 740 573 igne
757 485 865 550 focus.

93 591 181 656 Inde
198 613 357 678 premens
374 593 495 658 stivam
513 593 672 679 designat
688 591 825 656 moenia
841 590 958 656 sulco:
1011 622 1013 627 ·
1100 609 1151 678 825

138 697 232 763 Alba
245 699 369 786 jugum
386 699 485 764 niveo
502 719 581 763 cum
598 698 684 762 bove
701 717 809 763 vacca
825 697 912 761 tulit.
1150 701 1152 705 ’

92 804 176 870 Vox
192 805 254 869 suit
270 806 357 870 haec
372 805 486 892 regis:
516 802 699 879 Gaudenti,
723 801 909 890 Juppiter,
928 805 1046 869 urbem

139 910 192 976 Et
201 913 345 997 geuitor
359 911 507 976 Mavors
537 909 704 995 Vestaque
719 919 844 987 mater,
863 911 969 976 adest

93 1016 262 1103 ‚Quosque
270 1019 372 1105 ptum
389 1025 438 1082 est
454 1016 618 1081 adhibere
633 1017 725 1092 deos,
744 1017 916 1082 advertite
931 1017 1066 1082 cuuctil

139 1122 349 1209 Auspicibus
364 1124 459 1187 vobis
474 1122 536 1186 leoc
551 1121 640 1185 me'lei
652 1132 778 1209 surgat
794 1131 891 1210 opus.
1100 1143 1152 1210 830

94 1228 225 1314 Longa
239 1230 285 1293 sit
299 1229 379 1293 leuia
394 1231 496 1292 aetas¹
506 1228 732 1316 dominaeque
741 1232 901 1317 potentia
919 1240 1051 1308 terrae,

141 1333 266 1421 Sitque
280 1335 340 1399 sub
356 1335 422 1399 tac
438 1335 552 1398 oriens
570 1335 796 1423 occiduusque
814 1339 899 1403 dies.

95 1440 160 1505 Ille
177 1441 401 1526 precabatur:
425 1440 551 1505 tonitru
568 1441 661 1507 dedit
676 1443 791 1507 omina
809 1445 908 1510 laevo
955 1435 958 1439 ’
1001 1522 1003 1527 ,

136 1547 306 1634 Juppiter,
325 1557 359 1612 et
373 1546 473 1612 laevo
489 1547 633 1613 fulmina
649 1549 753 1624 missa
770 1551 861 1635 polo.

94 1653 256 1743 Auguria
271 1653 351 1719 laeti
364 1654 496 1741 jaciunt
512 1655 713 1721 fundamina
729 1657 834 1733 cives,
945 1685 951 1693 ·
1101 1676 1152 1744 835

142 1761 187 1828 Et
203 1783 312 1827 novus
328 1761 457 1850 exiguo
472 1772 624 1848 tempore
643 1785 759 1828 murus
776 1774 861 1829 erat.
929 1784 932 1789 ·

96 1869 176 1959 Hoc
192 1868 296 1935 Celer
311 1880 413 1957 urget
427 1890 527 1954 opus,
546 1891 647 1956 quem
664 1870 835 1936 Romulus
853 1871 926 1957 ipse
941 1882 1094 1950 vocarat,
1210 1905 1214 1911 ·

143 1976 332 2063 ‘Sint'que,
353 1973 491 2051 ‘Celer,
511 1977 632 2040 curae'
648 1977 782 2042 dixerat
800 1978 886 2044 ‘ista
902 1990 1001 2045 tuae:

96 2083 198 2150 Neve
213 2083 290 2171 quis
307 2093 365 2147 aut
380 2103 508 2157 muros,
527 2092 585 2146 aut
602 2082 726 2147 factam
742 2099 881 2149 vomere
898 2086 1026 2151 fossam

141 2192 325 2266 Transeat,
345 2190 528 2255 audentem
544 2188 626 2253 talia
643 2189 732 2254 dede'
747 2190 850 2254 neci'
1102 2210 1155 2277 840

98 2298 203 2386 Qtod
219 2299 353 2364 Remus
369 2297 535 2385 ignorans
551 2296 697 2361 humiles
713 2307 932 2364 contemnere
949 2320 1064 2365 muros

141 2406 278 2491 Coepit,
297 2415 330 2470 et
346 2414 355 2445 ‘
373 2403 438 2468 His
455 2402 603 2488 populus
617 2401 625 2431 '
641 2401 755 2466 dicere
773 2413 885 2469 ‘tutus
902 2403 1005 2470 erit?'

97 2513 175 2580 Nec
192 2533 301 2588 mora,
318 2509 509 2577 transiluit:
535 2519 628 2574 rutro
645 2506 749 2573 Celer
765 2521 911 2596 occupat
927 2532 1047 2577 ausum
1063 2535 1072 2587 3

141 2620 204 2685 Ille
222 2618 345 2705 premit
361 2618 483 2683 duram
500 2615 788 2704 sanguinulentus
806 2616 962 2681 humum.

98 2725 198 2811 Haec
213 2726 272 2791 ubi
290 2746 352 2790 rex
368 2723 497 2799 didicit,
517 2722 678 2787 lacrimas
695 2722 860 2788 introrsus
876 2723 1013 2789 obortas
1105 2743 1156 2812 345

141 2833 306 2910 Devorat,
324 2842 357 2898 et
372 2831 530 2897 clausum
546 2840 684 2917 pectore
701 2830 823 2896 volnus
840 2830 964 2906 habet3
1006 2816 1014 2827 ⁵

95 2940 197 3007 Flere
214 2940 329 3027 palam
345 2961 415 3009 non
431 2939 513 3014 volt,
533 2937 762 3025 exemplaque
780 2938 879 3003 sortia
896 2949 1022 3014 servat,

141 3046 203 3113 Sic
217 3067 284 3134 que
300 3067 390 3110 meos
405 3065 523 3110 muros
539 3053 697 3109 trauseat
713 3045 819 3109 hostis
837 3044 894 3109 ait.

96 3153 166 3219 Dat
182 3164 298 3219 tamen
314 3152 517 3239 exsequias3
542 3172 608 3216 nec
620 3152 693 3239 jam
711 3152 922 3237 suspendere
937 3151 1056 3217 fletum

142 3259 307 3335 Sustinet,
325 3269 360 3324 et
375 3259 483 3344 pietas
500 3258 712 3323 dissimulata
729 3269 851 3343 patet-q
1040 3295 1042 3298 ⁴
1103 3279 1155 3346 850

96 3366 296 3453 Osculaque
313 3364 477 3450 adplicuit
491 3364 601 3450 posito
618 3386 780 3449 suprema
795 3365 933 3442 feretra,

142 3473 256 3558 Atque
273 3472 332 3548 ait,
350 3471 468 3536 Iuoito
478 3473 601 3551 frater
616 3471 786 3557 adempte,
803 3470 906 3535 valet
951 3462 955 3467 ⁸

97 3578 315 3665 Arsurosque
332 3587 423 3642 artus
439 3577 548 3641 unxit.
597 3576 741 3652 Fecere,
760 3578 853 3662 quod
870 3577 941 3653 ille,

141 3683 326 3749 Faustulus
342 3693 375 3748 et
390 3693 539 3748 maestas
555 3681 652 3748 Acca
669 3683 779 3748 soluta
795 3704 933 3758 comas3

98 3789 191 3855 Tum
202 3788 366 3879 juvenem
383 3790 534 3855 nondum
552 3790 632 3854 sacti
647 3789 773 3854 flevere
790 3788 964 3875 Quiritem
1102 3812 1158 3875 agg·

141 3892 272 3961 Ultima
283 3893 418 3979 plorato
434 3893 570 3961 subdita
587 3893 733 3963 flamma
749 3917 841 3987 rogo
856 3905 951 3962 est..
