2490 4208
20 200 23 205 .
92 129 137 216 76
374 129 447 197 He
467 128 594 219 Fligltt
616 131 664 218 of
676 128 858 199 Daedalus.
999 147 1144 220 [Meum.

91 328 239 395 destinat
254 327 347 393 hunc
364 326 481 393 Minos
496 325 657 392 thalamis
674 347 852 392 removere
869 325 1050 412 pudorem,

91 434 337 522 multiplicique
353 434 456 500 domo
473 434 653 520 caecisque
670 432 846 498 includere
862 433 974 498 tectis.

137 541 315 606 Daedalus
330 540 471 627 ingenio
488 539 606 606 fabrae
623 538 867 605 celeberrimus
884 538 976 605 artis·

91 646 186 734 ponit
201 669 300 733 opuS,
319 648 499 733 turbatque
515 657 626 723 notas,
646 656 679 711 et
694 645 825 710 lumina
841 644 971 741 flexum
1025 730 1029 737 Ι
1093 663 1145 718 160

91 754 184 819 ducit
199 753 234 818 in
251 774 400 819 errorem
416 753 589 818 variarum
607 753 755 839 ambage
771 732 919 818 viarum-J
1007 732 1051 805 '‘²3''

90 881 159 926 non
176 881 276 926 secus
293 880 334 925 ac
350 859 498 946 liquidus
514 858 677 946 Phrygiis
693 856 882 924 Maendros
898 859 933 924 in
950 857 1040 925 arvis

90 965 189 1042 ludit,
208 976 240 1031 et
257 965 420 1054 ambiguo
436 965 536 1051 lapsu
553 964 731 1051 refluitque
748 964 901 1053 fluitque,

89 1093 342 1159 occurrensque
358 1072 423 1138 sibi
439 1081 600 1159 venturas
617 1069 739 1156 aspicit
755 1072 879 1149 undas,

90 1188 125 1244 et
139 1200 231 1244 nunc
248 1180 292 1244 ad
309 1177 431 1254 fontes,
450 1198 543 1242 nunc
559 1177 604 1243 ad
621 1197 715 1243 mare
731 1157 1023 1265 ire'rsus'abertum
1090 1195 1142 1266 165

90 1266 238 1351 inbertas
254 1295 392 1351 exercet
407 1266 537 1371 aquis:
561 1282 608 1348 ita
625 1284 803 1350 Daedalus
819 1285 939 1371 implet

90 1390 289 1457 innumeras
306 1411 420 1457 errore
436 1388 531 1464 vias;
555 1389 683 1477 vixque
699 1391 773 1477 ipse
790 1391 912 1458 reverti

90 1498 135 1563 ad
151 1497 256 1562 limen
273 1496 393 1583 potuit,
410 1506 503 1560 tanta
519 1480 571 1562 est
585 1496 724 1563 fallacia
738 1497 829 1564 tecti.

76 1638 86 1649 -
136 1600 217 1690 Quo
233 1614 413 1690 postquam
431 1602 606 1690 geminam
623 1606 710 1668 tauri
723 1604 929 1693 juvenisque
944 1605 1094 1693 figuram

90 1704 224 1786 clausit,
242 1720 275 1774 et
291 1706 424 1775 Actaeo
439 1708 492 1774 bis
508 1720 643 1796 pastum
660 1711 830 1799 sauguine
847 1721 1035 1778 monstrum
1090 1741 1144 1796 170

88 1816 187 1882 tertia
203 1838 276 1883 sors
293 1815 392 1881 annis
409 1815 540 1881 domuit
554 1817 696 1903 repetita
712 1810 875 1899 novenis}

88 1934 193 2010 utque
208 1944 274 2009 ope
291 1922 448 2010 virginea
464 1923 567 1988 nullis
583 1923 702 1988 iterata
718 1923 869 2009 priorum

85 2030 194 2118 janua
209 2029 357 2095 difficilis
373 2029 431 2095 filo
447 2040 498 2095 est
513 2029 652 2095 inventa
668 2031 807 2106 relecto,

88 2136 242 2223 protinus
258 2134 415 2224 Aegides
431 2147 528 2221 rapta
544 2134 701 2202 Minoide
718 2137 824 2202 Diam
845 2160 850 2169 ·

88 2244 166 2309 vela
182 2242 288 2317 dedit,
307 2241 533 2329 comitemque
549 2263 648 2307 suam
665 2243 813 2308 crudelis
829 2243 864 2307 in
880 2243 940 2309 illo
1090 2274 1143 2332 175

88 2349 186 2417 litore
202 2349 364 2417 destituit.
412 2349 578 2415 Desertae
594 2358 628 2414 et
643 2350 749 2414 multa
765 2350 921 2437 querenti

16 2438 21 2455 l
89 2458 269 2544 amplexus
285 2466 319 2522 et
334 2476 435 2540 opem
452 2454 558 2520 Liber
573 2455 660 2531 tulit,
678 2467 782 2542 utque
799 2455 942 2543 perenni

87 2563 199 2630 sidere
216 2563 310 2629 clara
327 2561 424 2637 foret,
443 2571 614 2646 sumptam
631 2560 674 2626 de
691 2561 742 2627 sro
838 2583 877 2627 or
900 2583 980 2627 nam

87 2670 227 2736 immisit
242 2670 352 2735 caelo.
399 2667 541 2733 Tenues
556 2668 649 2732 volat
665 2667 714 2767 Q
741 2676 803 2754 per
820 2688 943 2744 auras3

87 2779 238 2865 dumque
254 2777 358 2850 volat,
377 2794 538 2862 gemmae
554 2772 677 2839 nitidos
695 2784 868 2839 vertuntur
884 2774 919 2839 in
936 2774 1049 2863 ignea,
1087 2793 1141 2848 180

87 2885 341 2972 consistuntque
357 2884 446 2958 locu,
464 2880 579 2967 specie
595 2890 792 2946 remanente
808 2901 969 2957 coronae,

85 2989 144 3077 qui
161 2989 294 3054 medius
310 2986 462 3073 Nixique
479 3006 572 3073 genu
589 2995 652 3058 est,
670 2982 902 3070 Anguemque
918 2952 1095 3071 tenentisl

132 3095 308 3161 Daedalus
325 3094 454 3158 interea
471 3091 598 3157 Creten
614 3091 825 3177 longumque
842 3111 985 3176 perosus

85 3203 257 3277 exsilium,
275 3213 453 3287 tactusque
469 3198 535 3264 loci
553 3198 675 3263 natalis
693 3218 822 3273 amore,

86 3311 223 3375 clausus
240 3321 311 3374 erat
327 3309 465 3394 pelago.
516 3305 666 3370 ‘Terras
683 3304 780 3369 licet’
796 3302 905 3390 inquit
921 3314 930 3345 ⁴
944 3314 977 3368 et
992 3303 1105 3370 undas

84 3418 248 3489 obstruat,
267 3425 301 3479 at
316 3415 451 3478 caelum
467 3424 557 3477 certe
574 3423 686 3497 patet:
711 3410 836 3475 ibimus
853 3409 943 3476 illac.

84 3522 199 3587 omnia
216 3519 400 3606 possideat,
419 3540 487 3584 non
504 3518 654 3605 possidet
671 3522 751 3583 aera
768 3516 909 3583 Minos)

84 3628 189 3699 dixit3
215 3637 248 3692 et
264 3626 398 3713 ignotas
415 3624 720 3690 animum'dimittit
735 3623 770 3688 in
788 3636 890 3701 artes,

84 3747 309 3819 naturamque
326 3741 449 3796 novam
474 3751 554 3795 nam
571 3731 665 3815 ponit
681 3729 715 3794 in
732 3730 850 3795 ordine
868 3752 1015 3816 pennas,

74 3862 98 3903 a
113 3841 260 3904 minima
280 3848 432 3925 coeptas,
449 3837 592 3926 longam
607 3836 763 3905 breviore
780 3837 960 3923 sequenti,¹
1084 3870 1138 3927 ¹99
