2490 4208
57 185 184 258 V.661.]
332 171 368 236 Τ
362 169 563 259 η’ρίοῖεωιιε
584 169 661 236 aud
679 168 833 257 Lyncus.
1066 186 1111 258 59

58 387 115 433 ros
131 364 222 430 cadit
233 387 246 440 3,
268 375 301 432 et
314 364 412 433 citius
428 388 532 453 quam
548 387 641 432 nunc
656 364 716 432 tibi
732 366 824 432 facta
838 387 992 444 renarro,
1058 382 1109 453 ⁶35

58 472 94 537 in
110 472 229 538 latices
244 482 368 536 mutor.
417 472 489 539 Sed
505 472 597 538 enim
613 472 790 561 cognoscit
807 484 938 539 amatas

60 577 171 645 amnis
187 599 309 666 aquas,
326 577 504 666 positoque
520 577 585 645 viri
601 578 695 666 quod
711 591 904 664 sumpserat
920 600 992 656 ore,

58 684 199 750 vertitur
214 685 248 749 in
264 683 433 770 proprias,
451 694 489 749 ut
504 706 541 750 se
558 684 642 749 mihi
661 683 814 760 misceat,
833 686 959 751 undas.

60 789 164 856 Delia
176 788 268 877 rupit
283 791 439 879 humum,
458 790 639 877 caecisque
656 811 724 878 ego
741 810 853 856 mersa
870 790 1028 857 cavernis

60 896 213 964 advehor
227 896 424 985 Ortygiam,
442 916 533 983 quae
550 917 605 961 me
621 897 827 985 cognomine
844 897 944 963 divae
1058 914 1111 982 640

59 1013 161 1091 grata
177 1024 275 1069 meae
291 1016 434 1090 superas
449 1001 568 1068 eduxit
584 1001 695 1088 prima
711 1002 776 1069 sub
792 1003 920 1069 auras!
997 1078 1001 1087 ¹

106 1108 186 1175 Hac
201 1107 375 1175 Arethusa
392 1119 504 1174 tenus.
553 1106 721 1174 Geminos
737 1108 803 1176 dea
819 1109 938 1176 fertilis
955 1131 1088 1198 angues

59 1217 215 1284 curribus
231 1217 394 1294 admovit,
410 1217 583 1305 frenisque
598 1215 749 1282 coercuit
764 1239 838 1294 ora,
887 1203 892 1214 ⁸

58 1335 94 1390 et
109 1324 259 1390 medium
275 1323 363 1391 caeli
378 1335 557 1411 terraeque
573 1344 636 1410 per
652 1328 733 1388 adra
749 1334 847 1389 vecta
863 1335 928 1402 est,

58 1441 162 1518 atque
177 1431 290 1497 levem
305 1451 444 1497 currum
458 1429 638 1496 Tritonida
655 1427 748 1494 misit
763 1429 798 1493 in
814 1431 935 1496 urbem
1057 1447 1109 1518 645

57 1536 293 1625 Triptolem03
317 1537 507 1625 partimque
523 1535 599 1603 rudi
616 1536 696 1602 data
713 1535 846 1601 semina
858 1536 960 1623 jussit

58 1665 224 1732 spargere
240 1644 357 1720 humo,
375 1644 498 1731 partim
515 1654 592 1730 post
606 1654 762 1728 tempora
777 1643 883 1730 longa
900 1644 1066 1710 recultae.

55 1751 128 1840 jam
144 1771 248 1837 super
262 1750 424 1836 Europen
441 1749 596 1816 sublimis
613 1760 647 1815 et
661 1748 771 1815 Asida
788 1759 916 1814 terram

56 1868 177 1924 vectus
193 1868 265 1922 erat
276 1856 432 1945 juvenis3
458 1855 642 1944 Scythicas
658 1855 845 1922 advertitur
860 1877 951 1921 oras.

56 1985 121 2030 rex
137 1962 182 2029 ibi
199 1961 342 2051 Lyncus
358 1973 441 2028 erat.
490 1962 602 2051 Regis
619 1962 708 2029 subit
723 1962 782 2028 ille
798 1974 962 2049 penates3
1056 1980 1109 2051 650
1214 2002 1217 2007 -

56 2091 127 2158 qua
143 2070 268 2147 veniat,
286 2091 496 2157 causamque
511 2068 588 2136 viae
605 2089 799 2156 nomenque
816 2080 957 2158 rogatus

883 2173 1066 2252 Athenae;

56 2282 291 2370 Triptolemus
307 2303 446 2347 nomen.
492 2281 584 2348 Veni
600 2302 666 2348 nec
682 2303 797 2368 puppe
813 2302 875 2367 per
891 2280 1016 2358 undas,

55 2411 123 2455 nec
139 2389 227 2476 pede
243 2406 305 2475 per
318 2399 447 2455 terrast
471 2389 579 2475 patuit
594 2387 679 2453 mihi
695 2388 833 2475 pervius
849 2389 980 2454 aether.

55 2497 149 2562 dona
165 2495 238 2561 fero
252 2493 404 2571 Cereris,
423 2495 509 2560 latos
525 2515 614 2580 quae
630 2515 751 2580 sparsa
768 2516 830 2580 per
846 2515 952 2582 agros
1054 2513 1107 2583 655

55 2601 240 2690 frugiferas
254 2621 386 2666 messes
401 2601 631 2688 alimentaque
648 2601 742 2666 mitia
758 2601 928 2668 reddant.’

53 2708 224 2774 barbarus
238 2706 378 2781 invidit3
402 2706 555 2794 tantique
571 2718 608 2773 ut
622 2707 776 2774 muneris
793 2721 912 2775 auctor

54 2814 132 2901 ipse
147 2812 202 2889 sit,
220 2811 367 2898 hospitio
381 2811 514 2898 recipit,
532 2834 721 2902 somnoque
739 2828 921 2904 gravatum

54 2919 256 3008 adgreditur
271 2918 372 2985 ferro.
420 2916 613 2986 Conantem
628 2921 738 3008 figere
754 2932 874 3010 pectus

54 3026 160 3114 lynca
175 3024 284 3092 Ceres
299 3025 391 3103 fecit,
408 3047 592 3114 rursusque
609 3049 671 3114 per
687 3033 768 3119 adra
780 3028 882 3117 jussit
1054 3047 1108 3102 660

54 3130 279 3220 Mopsopium
291 3131 453 3221 juvenem
469 3154 586 3201 sacros
602 3132 734 3224 agitare
746 3133 899 3223 jugales.
