2490 4208
98 194 144 261 44
353 158 520 240 'Perseus
544 178 618 242 and
638 174 877 244 Andromeda.
1006 193 1151 266 [Mareu.

97 370 178 435 huic
195 390 331 455 quoque
349 368 471 435 ‘Vade
493 374 626 457 procul,
643 374 809 461 nelonge
826 373 936 460 glor-ia
953 394 1081 450 rerum,

97 498 201 564 quarn
219 475 394 551 mentiris,’
412 477 457 540 ait
475 479 601 564 ‘longe
618 479 678 543 tibi
690 479 848 565 Juppiter
865 479 952 544 absit
964 480 993 553 3’
1097 496 1150 565 650

96 584 234 669 vimque
252 581 352 646 minis
370 582 477 657 addit,
496 586 721 671 manibusque
739 585 911 669 expellere
928 596 1070 672 temptat

97 700 324 764 cunctantem,
342 699 375 752 et
390 688 537 772 placidis
555 691 753 755 miscentem
770 691 868 754 sortia
884 691 995 756 dictis.

26 840 29 845 -
141 794 281 861 Viribus
297 789 577 879 inferior-quis
595 796 685 859 enim
702 817 766 881 par
781 808 872 861 esset
886 796 1017 862 Atlanti

96 902 301 968 viribus?—
314 901 383 966 ‘At
399 901 561 988 quoniam
579 901 675 985 parvi
693 901 751 966 tibi
770 902 881 988 gratia
898 915 1011 968 nostra
1028 914 1090 980 est,

97 1009 215 1094 accipe
233 1008 382 1083 munus‚'
400 1007 466 1081 ait;
492 1009 660 1094 laevaque
677 1029 698 1071 a
715 1022 810 1092 parte
827 1008 997 1075 Medusae
1094 1027 1145 1096 655

96 1116 169 1202 ipse
187 1128 394 1181 retroversus
412 1113 602 1200 squalentia
619 1115 767 1198 prodidit
783 1136 856 1179 ora.

95 1235 242 1310 quantus
260 1232 343 1297 erat,
360 1243 457 1286 mons
474 1220 584 1285 factus
596 1218 717 1284 Atlas:
736 1242 817 1285 nam
832 1223 940 1286 barba
957 1244 1145 1310 comaeque

95 1329 130 1393 in
146 1329 250 1395 silvas
268 1330 405 1411 abeunt,
420 1328 508 1415 juga
525 1338 604 1393 sunt
621 1327 822 1414 humerique
840 1351 1053 1416 manusque3

90 1435 185 1522 quod
202 1446 304 1520 caput
320 1446 398 1499 ante
416 1434 490 1509 suit,
508 1455 644 1499 summo
660 1435 761 1499 estin
780 1447 893 1500 monte
910 1457 1099 1512 cacumen3

93 1563 171 1608 ossa
187 1542 274 1626 lapis
290 1542 387 1605 fiunt.
436 1541 528 1605 Tum
545 1551 659 1627 partes
676 1552 795 1606 auctus
812 1541 846 1606 in
864 1562 983 1607 omnes
1091 1560 1145 1616 660

93 1648 198 1714 crevit
214 1649 248 1712 in
264 1649 469 1713 immensum
482 1649 586 1712 -sic
603 1648 638 1713 di
655 1648 816 1713 statuistis
826 1660 915 1715 -et
930 1671 1032 1716 omne

91 1776 170 1820 cum
187 1766 234 1821 tot
250 1755 416 1820 sideribus
434 1756 569 1820 caelum
586 1755 751 1842 requievit
766 1755 802 1819 in
819 1756 888 1822 illo.

136 1861 317 1927 Clauserat
334 1861 550 1947 Hippotades
567 1875 706 1929 aeterno
724 1883 862 1927 carcere
878 1875 1012 1940 ventos,

90 1969 349 2056 admonitorque
365 1990 507 2054 operum
525 1969 622 2034 caelo
637 1968 848 2035 clarissimus
865 1971 934 2037 alto

90 2073 232 2141 Lucifer
248 2087 339 2140 ortus
356 2085 440 2140 erat.
490 2074 619 2140 Pennis
636 2075 722 2163 ligat
738 2076 796 2141 ille
813 2076 995 2162 resumptis
1089 2095 1141 2167 665

91 2194 186 2268 parte
203 2182 246 2246 ab
263 2191 406 2268 utraque
423 2181 542 2266 pedes
560 2182 696 2269 teloque
714 2183 907 2270 accingitur
922 2205 1026 2260 unca,

27 2314 35 2339 »
90 2288 304 2375 etnqmaum
321 2287 419 2352 motis
436 2288 599 2353 talaribus
617 2267 825 2355 derainer.

89 2395 249 2483 gentibus
265 2394 452 2460 innumeris
469 2395 667 2481 circumque
683 2395 841 2483 infraque
858 2396 998 2474 relictis,

88 2500 298 2587 Aethiopum
315 2502 460 2586 populos
478 2500 691 2588 Cepheaque
707 2503 875 2587 conspicit
891 2525 986 2569 arva.

13 2608 159 2675 l*utillic
175 2608 379 2688 immeritam
396 2618 569 2672 maternae
587 2609 737 2693 pendere
754 2609 896 2697 linguae
1086 2628 1140 2696 670

87 2712 337 2781 Andromedan
353 2735 484 2800 poenas
500 2714 638 2778 immitis
651 2714 803 2802 jusserat
817 2713 983 2780 Ammon.

13 2848 32 2871 -π
50 2832 68 2893 2¹
88 2820 249 2907 wopam
266 2821 367 2885 simul
385 2821 430 2885 ad
446 2820 549 2885 duras
564 2820 747 2908 religatam
762 2822 926 2887 bracchia
943 2834 1059 2889 cautes

86 2927 170 2993 vidit
185 2926 411 3001 Abantiades,
422 2925 542 2991 -nisi
559 2928 651 3012 quod
668 2928 753 2992 levis
769 2949 854 2993 aura
872 2928 1016 3013 capillos

86 3045 251 3107 moverat,
270 3042 303 3096 et
318 3033 432 3118 tepido
448 3034 636 3098 manabant
652 3035 783 3099 lumina
799 3035 894 3111 fietu,

86 3161 315 3205 marmoreum
331 3151 424 3204 ratus
441 3151 530 3204 esset
545 3142 800 3226 opus-trahit
815 3142 944 3208 inscius
960 3141 1074 3231 ignee,

85 3257 118 3312 et
133 3257 258 3331 stupet,
276 3256 309 3310 et
323 3245 418 3310 visae
436 3258 612 3332 correptus
629 3247 781 3335 imagine
797 3249 941 3324 formae,

85 3375 195 3440 paene
212 3375 291 3418 suas
301 3363 447 3438 ‘quatere
464 3365 517 3419 est
532 3354 655 3433 oblitus
672 3354 707 3418 in
725 3362 805 3420 aere
822 3330 1022 3440 pennasi‘zr
1031 3324 1075 3401 ’ᾗ

84 3471 120 3524 ut
136 3461 236 3534 stetit,
253 3458 323 3524 ‘O'
339 3460 424 3524 dixit
440 3461 526 3525 ‘non
544 3459 615 3524 istis
632 3460 738 3629 dique
755 3463 898 3539 cateniS,

84 3567 144 3632 sed
161 3567 283 3652 quibus
301 3566 389 3630 inter
405 3587 442 3630 se
459 3544 573 3650 cupidi
587 3586 676 3652 jung
701 3577 778 3630 ntur
794 3548 960 3645 amintes,
986 3638 992 3651 ,
1027 3630 1030 3637 .

83 3673 195 3759 pande
213 3671 396 3759 requirenti
413 3693 457 3734 no
495 3692 539 3735 en
555 3682 731 3757 terraeque
748 3681 925 3760 tuumque,
1078 3690 1135 3753 680

76 3791 115 3842 et
127 3799 192 3842 cur
207 3779 321 3843 vincla
337 3693 492 3876 gerasii
510 3775 626 3840 Primo
643 3776 719 3841 silet
735 3777 807 3851 illa,
825 3801 889 3844 nec
905 3782 1009 3851 audet

51 3883 244 3963 appellare
263 3884 376 3949 virum
396 3882 522 3974 virg03
548 3882 779 3972 manibusque
792 3887 967 3955 modestas
