2490 4208
109 128 153 215 78
392 129 428 196 T
422 131 464 196 he
485 123 612 217 Flz'glzt
634 129 682 217 uf
694 129 878 197 Daedalus.
1012 148 1173 221 [Marxu.·

109 326 210 392 altius
226 324 297 414 egit
313 319 388 411 iter,
437 326 568 411 Rapidi
584 325 711 391 vicinia
728 327 809 392 solis
1109 356 1162 414 ²25

109 433 217 497 mollit
233 433 405 508 odoratae,
423 453 615 518 pennarum
631 432 782 508 vincula,
801 454 913 499 ceras.

107 539 288 603 tabuerant
303 560 424 603 cerae:
450 539 559 603 nudos
575 538 683 623 quatit
699 538 756 603 ille
773 539 933 616 lacertos,

108 643 322 730 remigioque
338 664 461 708 carens
477 664 546 708 non
562 644 650 708 ullas
667 644 811 730 percipit
827 665 940 710 auras.

108 771 237 837 oraque
255 751 414 815 caerulea
431 750 578 836 patrium
596 751 779 815 clamantia
794 772 921 815 nomen
1086 818 1089 824 ,

108 857 324 942 excipiuntur
342 877 443 942 aqua,
461 877 550 943 quae
566 877 692 922 nomen
708 857 810 922 traxit
827 858 870 921 ab
886 857 958 923 illo.
1107 889 1162 944 230

109 974 143 1028 at
158 975 255 1049 pater
270 963 402 1039 infelix,
421 983 486 1028 nec
498 962 570 1051 jam
587 974 696 1048 pater,
716 963 861 1041 ‘Icare,’
878 964 976 1041 dixit,

108 1069 255 1145 ‘Icare,'
272 1069 357 1134 dixit
375 1069 455 1133 ‘ubi
472 1067 532 1134 e's?
554 1053 623 1154 qua
639 1079 671 1133 te
688 1069 829 1156 regione
846 1069 1059 1157 requiram?'

108 1175 249 1241 ‘Icare'
267 1175 412 1251 dicebat,
429 1175 713 1260 pennas-aspexit
728 1176 764 1240 in
779 1177 901 1241 undis:

107 1280 310 1367 devovitque
327 1301 408 1346 suas
425 1291 527 1357 artes,
546 1301 737 1367 corpusque
754 1283 938 1368 sepulchro

107 1386 270 1462 condidit,
289 1397 322 1451 et
338 1387 437 1452 tellus
454 1408 473 1472 a
491 1387 629 1451 nomine
646 1387 735 1452 dicta
753 1388 890 1474 sepulti.
1106 1420 1160 1478 235

153 1493 258 1559 Hunc
274 1493 389 1558 miseri
405 1495 537 1559 tumulo
553 1504 736 1579 ponentem
755 1516 898 1581 corpora
915 1496 985 1562 nati

106 1601 247 1689 garrula
263 1601 384 1665 limoso
400 1601 576 1686 prospexit
592 1601 636 1666 ab
652 1601 738 1666 elice
754 1603 890 1687 perdix,

106 1718 140 1773 et
155 1705 281 1792 plausit
296 1706 430 1792 pennis,
449 1716 637 1793 testataque
654 1708 783 1795 gaudia
799 1718 901 1773 cantu
919 1719 991 1775 est:

105 1813 208 1879 unica
225 1824 306 1877 tuuc
321 1812 483 1889 volucriS,
502 1834 566 1877 nec
582 1812 656 1878 visa
673 1814 841 1900 prioribus
858 1816 970 1892 annis,

106 1919 264 2006 factaque
280 1941 390 2004 nuper
407 1919 492 1995 avis,
507 1920 650 2006 longum
667 1919 740 1996 tibi,
755 1920 925 1998 Daedale,
943 1921 1085 1987 crimen.
1105 1952 1158 2006 ²40

106 2047 256 2112 namque
272 2025 353 2090 huic
368 2025 565 2102 tradiderat,
584 2026 729 2091 satorum
747 2027 882 2114 ignara,
900 2026 1092 2094 docendam

105 2128 308 2216 progeniem
327 2148 494 2215 germana
510 2150 627 2205 suam,
640 2129 809 2195 natalibus
828 2130 911 2196 actis
974 2149 976 2152 ·

105 2234 159 2301 bis
175 2257 320 2321 puerum
337 2235 441 2311 senis,
459 2235 564 2299 animi
582 2228 627 2301 ad
643 2247 827 2322 praecepta
843 2201 1008 2323 capacis.)

105 2342 164 2408 ille
181 2343 282 2406 etiam
300 2341 412 2406 medio
429 2341 546 2426 spinas
561 2341 596 2405 in
613 2343 707 2427 pisce
724 2354 856 2408 notatas

104 2448 207 2514 traxit
223 2448 258 2512 in
276 2448 485 2532 exemplum,
505 2447 661 2534 ferroque
677 2448 796 2514 incidit
812 2461 912 2515 acuto
1104 2479 1156 2537 245

105 2565 288 2642 perpetuos
305 2553 437 2630 dentes,
456 2565 489 2620 et
505 2575 619 2619 serrae
636 2555 785 2640 repperit
801 2577 923 2631 usum3
993 2541 996 2545 ἢ

105 2663 236 2749 primus
253 2672 286 2728 et
301 2683 346 2726 ex
362 2683 432 2727 uno
449 2661 517 2727 duo
534 2661 644 2726 serrea
660 2661 823 2726 bracchia
839 2663 932 2728 nodo

105 2769 227 2848 vinxit,
245 2782 282 2836 ut
298 2771 433 2858 aequali
451 2770 561 2856 spatio
579 2769 780 2835 distantibus
796 2768 863 2834 illis
911 2758 913 2762 ¹

35 2870 38 2877 ’
106 2877 213 2942 altera
230 2898 309 2963 pars
327 2887 442 2952 staret,
461 2898 541 2962 pars
558 2878 664 2941 altera
681 2878 820 2942 duceret
836 2876 968 2941 orbem.

107 2983 284 3050 Daedalus
301 2983 433 3059 invidit,
453 3005 619 3071 sacraque
636 3004 680 3048 ex
697 3004 776 3048 arce
792 2981 974 3048 Minervae
1105 3013 1157 3070 250

106 3089 327 3175 praecipitem
345 3089 447 3165 misit,
466 3091 600 3175 lapsum
618 3089 775 3154 mentitus
786 3110 796 3163 ;
821 3099 855 3153 at
869 3089 968 3154 illum

105 3217 194 3282 quae
211 3196 302 3260 favet
318 3196 480 3283 ingeniis,
500 3195 635 3280 excepit
650 3194 780 3271 Pallas,
799 3215 967 3281 avemque

106 3302 264 3378 reddidit,
283 3312 317 3367 et
333 3302 446 3367 medio
462 3302 587 3367 velavit
602 3301 637 3365 in
655 3307 736 3366 aere
752 3301 886 3388 pennis.

18 3435 22 3444 ¹
107 3407 167 3474 sed
185 3408 283 3496 vigor
298 3408 429 3495 ingenii
446 3409 620 3494 quondam
637 3408 765 3473 velocis
781 3407 816 3472 in
834 3408 907 3473 alas

105 3514 209 3602 inque
226 3514 331 3600 pedes
349 3514 450 3589 abiit3
475 3535 600 3579 nomen
617 3513 709 3600 quod
725 3524 758 3578 et
774 3524 865 3589 ante,
884 3513 1058 3579 remansit.
1105 3545 1156 3603 233

105 3632 306 3688 nontamen
324 3622 411 3685 haec
428 3620 494 3684 alte
510 3620 658 3686 volucris
676 3641 737 3685 sua
753 3641 897 3705 corpora
912 3621 1011 3697 tollit,

106 3749 171 3793 uec
188 3727 269 3793 facit
284 3726 318 3791 in
336 3726 439 3792 ramis
456 3728 592 3812 altoque
608 3726 787 3792 cacumine
804 3726 924 3792 nidos:
1066 3722 1071 3730 ’

91 3843 245 3914 propter
257 3834 402 3897 humum
420 3832 550 3909 volitat,
568 3832 729 3918 ponitque
746 3832 781 3896 in
799 3833 938 3919 sepibus
954 3852 1035 3911 ova,

75 3934 291 4023 antiquique
304 3961 449 4008 memor
464 3940 589 4010 metuit
606 3939 771 4009 sublimia
786 3960 900 4007 casus.
