2490 4208
97 200 137 246 12
274 201 300 246 1.
340 179 411 248 The
439 178 604 248 Creatrim
628 181 703 246 and
722 180 779 247 the
799 180 926 247 Flood.
1000 200 1145 272 [Maean.

95 377 260 443 Maenala
276 378 491 454 transieram,
510 377 648 444 latebris
666 379 837 445 horrenda
853 378 1016 458 ferarum,

95 498 222 549 etcum
239 485 386 571 Cyllene
402 485 507 572 gelidi
524 485 640 570 pineta
656 484 800 572 Lycaei.

94 589 251 656 Arcados
269 591 349 656 hinc
364 593 465 657 sedes
481 601 514 656 et
528 591 700 676 inhospita
716 604 804 657 tecta
819 592 956 679 tyranni

94 697 282 785 ingredior,
300 699 474 764 traherent
490 719 568 763 cum
582 719 659 763 sera
676 700 879 783 crepuscula
896 711 1044 766 noctem.

93 804 195 891 signa
212 804 291 872 dedi
306 806 439 868 ventsse
453 805 567 880 deum,
585 806 779 891 vulgusque
797 806 930 889 precari
1095 840 1147 878 220

94 922 274 995 coeperat3
299 911 416 976 irridet
432 911 542 996 primo
559 911 615 995 pia
631 921 710 975 vota
727 909 893 996 Lycaon3

95 1039 176 1083 mox
191 1017 258 1082 ait:
282 1016 479 1104 Experrar,
497 1019 580 1082 deus
595 1018 663 1092 hic,
680 1017 880 1081 discrimine
894 1024 1031 1106 aperto,

93 1147 140 1188 aa
156 1125 202 1189 sit
216 1124 394 1203 mortalr's;
420 1146 482 1189 nec
498 1125 565 1189 erit
581 1124 770 1188 dubitabile
784 1145 919 1189 verunt.

95 1244 193 1296 nocte
210 1251 352 1317 gravem
370 1251 490 1296 somno
506 1231 676 1315 necopina
692 1230 836 1318 perdere
853 1242 961 1298 morte

95 1358 150 1402 me
166 1348 284 1423 parat3
309 1337 397 1403 haec
412 1337 460 1402 illi
478 1338 591 1423 placet
607 1338 818 1423 experientia
834 1338 917 1402 veri.
1095 1369 1146 1426 225

141 1443 243 1509 ‘Nee
259 1455 438 1509 contentus
454 1465 508 1518 eo,
527 1444 622 1509 missi
639 1445 681 1511 de
699 1456 801 1532 gente
817 1443 974 1511 Molossa

95 1549 222 1617 obsidis
238 1550 339 1615 unius
351 1550 512 1638 jugulum
529 1571 693 1616 mucrone
709 1552 867 1616 resolvit:

96 1668 196 1744 atque
212 1657 257 1721 ita
274 1657 464 1723 semineces
481 1657 604 1743 partim
622 1658 830 1723 ferventibus
847 1669 941 1724 artus

95 1764 203 1830 mollit
220 1762 330 1850 aquis,
348 1764 470 1850 partim
486 1765 640 1852 subjecto
656 1765 776 1831 torruit
792 1764 874 1852 igni.

94 1893 180 1958 quos
197 1871 299 1936 simul
314 1855 476 1955 impositit
492 1872 633 1948 mensis,
651 1893 718 1960 ego
734 1872 871 1939 vindice
887 1871 1029 1938 flamma
1093 1903 1147 1958 230

95 1977 130 2042 in
147 1965 323 2042 dominum
340 1977 531 2065 dignosque
548 1977 653 2042 everti
668 1989 756 2044 tecta
773 1977 930 2044 Penates

94 2084 228 2150 territus
246 2083 319 2168 ipse
335 2083 435 2169 fugit,
454 2095 642 2171 nactusque
658 2084 793 2150 silentia
809 2086 897 2151 ruris

95 2191 260 2265 exululat,
279 2190 470 2277 frustraque
486 2189 579 2276 loqui
596 2202 759 2266 conatur;
785 2193 828 2256 ab
845 2191 920 2279 ipso

95 2297 225 2384 colligit
239 2319 278 2362 os
294 2296 439 2372 rabiem,
457 2297 644 2385 solitaeque
662 2298 822 2383 cupidine
838 2298 954 2364 caedis

93 2405 235 2470 vertitur
250 2404 285 2468 in
302 2405 465 2489 pecudes,
484 2415 518 2470 et
533 2425 625 2469 nunc
641 2426 778 2492 quoque
794 2406 964 2493 sanguine
981 2400 1120 2493 gaudet

94 2512 130 2576 in
146 2511 245 2576 villos
262 2512 388 2576 abeunt
403 2523 527 2587 vestes,
546 2512 581 2578 in
599 2533 698 2577 crura
714 2513 853 2577 lacerti:

94 2620 132 2685 fit
148 2621 261 2704 lupuS,
280 2630 313 2684 et
328 2619 451 2686 veteris
468 2630 580 2685 servat
595 2619 739 2708 vestigia
756 2619 897 2685 formae.

95 2726 237 2791 canities
254 2727 375 2793 eadem
392 2738 455 2803 est,
475 2727 597 2793 eadem
613 2726 775 2792 violentia
791 2728 917 2803 vultus,

11 2890 13 2895 .
95 2833 186 2898 idem
203 2834 293 2898 oculi
309 2834 437 2909 lucent,
455 2834 578 2900 eadem
594 2834 735 2899 feritatis
751 2833 879 2922 imago.

142 2940 302 3007 ‘Occidit
316 2962 386 3006 una
404 2940 547 3015 domus3
573 2941 634 3007 sed
651 2962 719 3005 non
736 2940 859 3006 domus
875 2960 946 3005 una
962 2939 1074 3026 perire
1094 2973 1145 3024 240

96 3046 203 3134 digna
220 3047 302 3121 fuit3
326 3069 394 3135 qua
410 3059 500 3112 terra
518 3058 623 3133 patet,
642 3047 714 3112 fera
730 3058 853 3135 regnat
869 3046 1009 3134 Erinys.

95 3153 131 3219 in
148 3155 282 3220 facinus
295 3154 430 3243 jurasse
447 3165 558 3241 putes.
607 3153 700 3219 Dent
715 3155 811 3220 ocius
827 3176 947 3221 omnes

95 3281 181 3346 quas
198 3282 353 3325 meruere
370 3260 452 3345 pati,
471 3260 521 3325 sic
537 3271 603 3325 stat
619 3261 799 3337 sententia,
818 3260 973 3346 poenas!

141 3366 241 3432 Dicta
254 3366 350 3453 Jovis
366 3387 445 3452 pars
462 3388 546 3432 voce
563 3368 709 3453 probant
724 3368 946 3455 stimulosque
962 3365 1118 3431 srementi

96 3473 258 3547 adiciunt,
278 3473 335 3538 alii
352 3484 466 3559 partes
484 3474 681 3540 assensibus
697 3474 853 3560 implent.
1093 3503 1144 3560 245

95 3591 147 3647 est
161 3593 275 3647 tamen
293 3581 434 3647 humani
450 3583 588 3670 generis
600 3583 734 3672 jactura
751 3583 859 3650 dolori

94 3688 266 3762 omnibus,
285 3699 330 3763 et,
348 3709 437 3775 quae
454 3689 495 3754 sit
511 3700 622 3755 terrae
640 3691 838 3757 mortalibus
853 3689 958 3756 orbae

95 3794 204 3859 forma
221 3794 345 3870 futura,
364 3807 508 3882 rogant,
533 3796 609 3882 quis
626 3797 668 3861 sit
684 3797 815 3863 laturus
832 3797 867 3861 in
884 3818 962 3863 aras

77 3898 185 3960 tura?
202 3899 335 3963 ferisne
347 3913 451 3986 paret
464 3903 683 3990 populandas
697 3904 833 3969 tradere
848 3900 979 3969 terras?
