2490 4208
80 195 129 260 ,1.
153 209 175 264 1,
190 194 248 268 58.]
430 175 604 264 Penelope
626 131 661 240 to
692 172 839 261 Ulysses.
1094 168 1158 252 163
1241 230 1243 235 .

101 371 261 462 Argolici
279 373 411 440 rediere
428 372 554 439 duces=
580 370 701 437 altaria
717 370 870 443 fumant3
899 453 904 463 .
1125 399 1141 436 2
1144 396 1159 452 ς

149 480 293 546 Ponitur
309 481 353 546 ad
369 480 496 566 patrios
512 480 660 544 barbara
677 478 806 563 praeda
824 477 927 551 deos3

104 585 213 652 Grata
229 587 342 652 serunt
358 587 534 674 nymphae
550 607 612 671 pro
629 583 733 649 salvis
750 584 841 648 dona
857 581 1007 654 maritis3

148 693 203 757 Illi
219 693 310 759 victa
327 694 397 758 suis
413 694 542 757 Troica
556 693 626 757 fata
643 700 783 755 canunt.

103 797 276 864 Mirantur
287 799 437 887 justique
454 819 555 863 senes
568 796 791 882 trepidaeque
807 794 966 881 puellae:

147 904 329 970 Narrantis
346 906 499 994 conjunx
514 904 642 990 pendet
658 904 702 967 ab
717 923 777 968 ore
792 900 869 967 viri.

101 1009 218 1097 Atque
236 1012 359 1098 aliquis
376 1012 486 1099 posita
502 1021 669 1075 monstrat
684 1009 757 1073 sera
772 1007 905 1091 proelia
920 1028 1054 1082 mensa,

148 1116 267 1205 Pingit
284 1129 317 1184 et
334 1119 462 1205 exiguo
479 1117 653 1205 Pergama
669 1126 739 1181 tota
755 1136 871 1180 mero:

103 1222 208 1289 ‘Hac
224 1224 295 1290 ibat
311 1224 454 1302 Simois,
472 1225 540 1290 hac
555 1233 607 1289 est
623 1221 744 1310 Sigeia
760 1222 875 1297 telina,

151 1319 220 1394 Hic
236 1341 372 1397 steterat
388 1330 518 1396 Priami
534 1328 632 1418 regia
649 1330 742 1393 celsa
758 1326 871 1403 senis;

102 1434 181 1500 Illic
196 1435 382 1515 Aeacides,
401 1437 473 1502 illic
489 1437 652 1502 tendebat
667 1434 812 1510 Ulixes;

151 1542 220 1608 Hic
237 1544 351 1609 alacer
367 1544 490 1610 missos
505 1542 625 1608 terruit
642 1541 773 1606 Hector
789 1540 921 1627 equos!

103 1647 231 1714 Omnia
247 1671 396 1737 namque
412 1662 470 1716 tuo
487 1649 613 1725 senior,
631 1659 664 1714 te
681 1667 846 1734 quaerere
862 1646 981 1724 misso,

149 1754 328 1821 Retulerat
344 1768 449 1845 gnato
466 1755 606 1832 Nestor,
625 1753 733 1820 atille
750 1753 846 1817 mihi.

104 1858 236 1926 Retulit
251 1872 284 1927 et
298 1863 388 1929 ferro
405 1862 633 1949 Rhesumque
649 1860 855 1946 Dolonaque
871 1881 1005 1937 caesoS,

132 1968 263 2054 'thue
279 1968 321 2034 sit
337 1969 393 2034 hic
409 1991 530 2035 somno
546 1967 713 2055 proditus,
731 1966 789 2031 ille
806 1967 897 2033 dolo.

106 2070 221 2139 Ausus
237 2095 288 2150 es,
305 2074 338 2140 Ο
353 2075 496 2141 nimium
513 2075 726 2161 nimiumque
742 2074 845 2139 oblite
861 2085 1010 2150 tuorum,

147 2180 299 2245 Thracia
316 2193 481 2248 nocturno
497 2193 642 2269 tangere
659 2191 771 2247 castra
788 2180 881 2257 dole,

107 2283 240 2373 Totque
256 2287 356 2353 simul
373 2300 523 2355 mactare
539 2290 644 2364 viros,
663 2287 798 2375 adjutus
816 2288 860 2353 ab
876 2286 967 2352 unol

148 2391 196 2458 At
212 2394 299 2459 bene
316 2405 435 2460 cautus
452 2416 528 2461 eras
545 2405 579 2460 et
595 2415 728 2459 memor
744 2405 823 2458 ante
841 2391 931 2459 mei?

105 2494 225 2587 Usque
242 2513 332 2567 metu
349 2503 498 2569 micuere
515 2504 622 2579 sinus,
642 2504 724 2568 dum
740 2503 848 2569 victor
865 2503 1016 2570 anticum

146 2607 270 2673 Dictus
287 2629 324 2673 es
340 2609 492 2675 Ismariis
508 2609 575 2676 isse
592 2631 654 2696 per
670 2631 798 2698 agmen
815 2610 925 2697 equis.

97 2709 176 2779 Sed
193 2713 275 2777 mihi
291 2714 373 2801 quid
389 2716 527 2802 prodest
541 2715 662 2782 vestris
680 2717 823 2805 disjecta
840 2716 976 2784 lacertis

145 2819 231 2885 Ilios
246 2831 280 2886 et
295 2843 411 2886 murus
427 2824 518 2909 quod
535 2823 610 2900 suit,
629 2846 705 2891 esse
722 2826 847 2903 solum,

94 2923 141 3008 Si
161 2946 285 2991 maneo
300 2928 411 3013 qualis
426 2929 532 3017 Troja
550 2920 693 2999 durante
711 2935 906 3011 manebam,

144 3030 279 3118 Virque
295 3033 378 3097 mihi
394 3034 532 3122 dempto
549 3039 618 3104 fine
635 3041 806 3106 carendus
823 3038 941 3107 abest?

91 3134 226 3204 Diruta
242 3149 320 3203 sunt
335 3140 423 3217 aliis,
441 3142 501 3206 uni
519 3144 603 3209 mihi
621 3145 794 3234 Pergama
810 3158 951 3225 restant,

146 3242 267 3308 Incola
283 3247 417 3332 captivo
434 3271 523 3336 quae
539 3253 627 3318 bove
644 3253 752 3318 victor
768 3265 854 3318 arat.

83 3350 178 3437 jam
196 3371 296 3438 seges
312 3363 374 3431 est,
393 3357 452 3422 ubi
468 3358 575 3446 Troja
594 3359 668 3435 fuit,
686 3360 944 3446 resecandaque
960 3359 1049 3425 falce

146 3454 317 3525 Luxuriat
333 3462 487 3553 Phrygio
505 3466 674 3552 sanguine
691 3466 830 3552 pinguis
849 3466 994 3540 humus3

95 3561 334 3651 Semisepulta
351 3570 462 3635 virum
479 3571 592 3634 curvis
609 3570 774 3634 feriuntur
791 3571 912 3636 aratris
1121 3600 1156 3659 55.

146 3668 259 3748 Ossa3
283 3676 440 3742 ruinosas
457 3676 582 3741 occulit
598 3676 705 3741 herba
721 3677 853 3742 domos.

94 3775 221 3845 Victor
237 3782 341 3849 abes:
366 3802 432 3846 nec
447 3782 535 3847 scire
552 3781 651 3857 mihi,
668 3769 758 3867 quae
775 3802 880 3846 causa
896 3783 1067 3860 morandi,

144 3885 219 3954 Aut
233 3888 269 3953 in
285 3910 354 3974 quo
367 3889 477 3953 lateas
492 3888 624 3965 ferreus
641 3888 739 3968 orbe,
755 3887 852 3957 licet.
