2490 4208
97 136 138 208 72
328 125 400 192 The
422 126 697 194 Enchantments
720 129 768 213 of
780 127 921 193 Medea.
1003 145 1150 218 [Marna.

98 322 342 408 custodemque
359 324 479 388 rudem
497 324 607 389 somni
624 323 772 409 sopistis,
791 335 825 389 et
842 346 963 390 aurum

96 428 233 492 vindice
250 427 393 514 decepto
411 429 535 495 Graias
554 430 691 495 misistis
708 430 743 493 in
761 431 876 495 urbes.

144 544 152 573 ‘
166 533 272 598 Nunc
284 556 370 618 opus
384 546 434 599 est
450 537 554 611 sucis,
569 557 631 621 per
643 558 728 623 quos
741 547 904 602 renovata
920 547 1078 604 senectus
1098 571 1129 610 21
1134 569 1150 626 ς

96 639 132 704 in
149 640 267 704 florem
284 641 413 716 redeat,
432 641 627 728 primosque
645 642 825 730 recolligat
841 664 962 708 annos

37 798 45 807 .
97 757 131 811 et
146 746 290 820 dabitis3
315 768 426 833 neque
444 747 534 812 enim
553 749 743 814 micuerunt
759 748 872 813 sidera
889 749 1027 826 frustra,

97 872 162 917 nec
179 852 301 916 frustra
318 855 496 917 volucrum
514 865 641 919 tractus
657 855 790 919 cervice
807 855 995 920 draconum

98 980 217 1023 currus
234 960 352 1024 adest?
397 958 531 1025 Aderat
547 961 715 1026 demissus
733 960 777 1025 ab
794 962 932 1026 aethere
950 982 1081 1028 currus.

143 1063 224 1149 Quo
241 1065 341 1130 simul
359 1067 524 1143 ascendit,
543 1067 743 1154 frenataque
761 1068 850 1132 colla
867 1068 1056 1133 draconum
1096 1101 1150 1140 220

96 1172 288 1259 permulsit,
307 1173 532 1259 manibusque
549 1174 643 1238 leves
660 1173 802 1260 agitavit
819 1174 993 1239 habenas:

97 1278 251 1343 sublimis
268 1278 410 1363 rapitur,
430 1279 650 1367 subjectaque
666 1278 839 1344 Thessala
855 1280 990 1365 Tempe

96 1383 253 1470 despicit,
272 1395 305 1448 et
320 1384 475 1450 Threces
491 1386 690 1473 regionibus
707 1386 858 1470 applicat
874 1407 1028 1473 angues3

97 1502 130 1556 et
144 1512 230 1576 quas
247 1489 337 1555 Ossa
353 1491 440 1567 tulit,
458 1513 545 1579 quas
562 1492 666 1556 altum
684 1492 803 1557 Pelion
821 1491 959 1568 herbas,

97 1596 226 1683 Othrys
242 1619 328 1685 quas
345 1597 544 1684 Pindusque
560 1609 594 1663 et
610 1597 720 1663 Pindo
738 1599 846 1686 major
863 1598 1048 1686 Olympus,
1095 1630 1148 1687 ²25

96 1705 269 1791 perspicit,
288 1715 321 1770 et
337 1705 479 1789 placitas
496 1706 619 1791 partim
636 1705 752 1770 radice
770 1705 914 1781 revellit,

96 1811 218 1895 partim
235 1811 379 1876 succidit
395 1813 592 1877 curvamine
610 1812 707 1877 falcis
724 1817 845 1877 aenae.

96 1917 203 1981 multa
218 1939 353 2003 quoque
370 1915 523 2002 Apidani
540 1919 744 2003 placuerunt
760 1918 919 2006 gramina
936 1918 1030 2005 ripis,

96 2023 201 2088 multa
212 2045 347 2111 quoque
358 2023 547 2111 Amphrysi
560 2047 568 2100 3
587 2046 698 2112 neque
711 2046 788 2090 eras
801 2025 974 2101 immunis,
987 2025 1124 2111 Enipeu
1137 2051 1147 2102 3

95 2151 246 2195 necnon
263 2129 413 2206 Peneus,
432 2152 496 2196 nec
513 2153 581 2196 non
599 2130 830 2217 Spercheides
846 2132 960 2196 undae
1093 2164 1149 2219 230

94 2236 308 2301 contribuere
325 2237 467 2324 aliquid,
482 2237 697 2325 juncosaque
715 2237 812 2302 litora
830 2235 976 2302 Boebes.

94 2344 221 2428 carpsit
237 2354 270 2409 et
285 2343 440 2409 Euboica
456 2344 559 2408 vivax
575 2343 783 2410 Anthedone
801 2365 960 2431 gramen,

94 2451 246 2516 nondum
264 2462 391 2517 mutato
407 2452 584 2539 vulgatum
602 2472 744 2537 corpore
762 2451 897 2516 Glauci.

139 2557 182 2622 Et
194 2557 265 2645 jam
284 2579 374 2622 nona
390 2558 463 2622 dies
479 2578 581 2623 curru
597 2557 788 2645 pennisque
804 2560 1006 2636 draconum,

93 2687 252 2752 nonaque
269 2687 338 2731 nox
354 2686 473 2731 omnes
490 2665 690 2731 lustrantem
706 2665 839 2730 viderat
856 2687 971 2753 agros,
1091 2700 1146 2757 233

94 2794 172 2839 cum
189 2774 307 2840 rediit:
332 2795 442 2860 neque
459 2785 555 2839 erant
570 2773 662 2848 tacti,
686 2773 751 2838 nisi
767 2774 886 2849 odore,
904 2774 1084 2850 dracones,

93 2892 126 2947 et
141 2891 256 2944 tamen
273 2902 425 2945 annosae
443 2880 566 2965 pellem
585 2901 730 2965 posuere
747 2892 918 2945 senectae.

93 2987 240 3053 constitit
256 2987 443 3053 adveniens
461 2987 544 3051 citra
561 2986 733 3073 limenque
750 2987 923 3073 foresque,

93 3105 127 3159 et
141 3105 272 3159 tantum
291 3095 387 3160 caelo
404 3094 542 3180 tegitur,
561 3092 754 3180 refugitque
770 3093 884 3159 viriles

93 3212 288 3276 contactus;
314 3200 494 3286 statuitque
512 3219 589 3264 aras
606 3221 625 3263 e
641 3199 770 3284 cespite
786 3200 899 3276 binas,
1092 3233 1146 3286 240

93 3307 284 3373 dexteriore
302 3307 465 3382 Hecates,
485 3316 536 3370 ast
552 3306 651 3370 laeva
667 3316 763 3392 parte
775 3305 957 3392 Juventae.

138 3413 213 3478 Has
230 3414 287 3478 ubi
304 3412 461 3478 verbenis
479 3413 632 3498 silvaque
649 3411 791 3476 incinxit
808 3413 948 3499 agresti,

93 3520 184 3585 haud
202 3520 320 3605 procul
337 3531 453 3607 egesta
471 3519 648 3585 scrobibus
664 3519 785 3583 tellure
802 3519 935 3584 duabus

93 3647 191 3691 sacra
208 3627 300 3702 facit,
320 3628 514 3711 cultrosque
530 3626 565 3689 in
582 3635 719 3712 guttura
734 3625 871 3690 velleris
889 3625 951 3689 atri

93 3734 229 3808 conicit,
248 3743 281 3798 et
297 3734 430 3818 patulas
447 3732 621 3816 perfundit
637 3730 806 3818 sanguine
822 3731 942 3796 fossas.
1092 3766 1144 3822 245

81 3849 155 3901 tum
172 3862 282 3924 super
295 3839 483 3928 invergens
500 3837 619 3927 liquidi
636 3837 814 3902 carchesia
829 3838 966 3916 bacchi,
