2490 4208
92 189 237 275 IV.942.]
392 188 524 255 Ritual
541 198 576 255 to
600 197 702 255 avert
723 134 861 274 Bligttt.
1085 185 1147 255 161

99 380 229 449 Utilius
239 383 380 470 gladios
396 394 429 450 et
443 386 513 449 teta
529 385 687 451 nocentia
703 390 845 470 carpes:
1098 413 1131 468 92
1134 411 1149 468 ς

137 486 210 553 Nil
222 496 307 576 opus
323 499 372 555 est
388 491 478 569 iltis,·
504 493 576 555 otia
593 491 741 556 mundns
757 492 844 575 agit.

92 591 246 659 Saecula
261 618 353 660 nnnc
368 597 545 681 durusque
561 597 678 661 bidens
694 604 727 659 et
741 616 861 659 vomer
875 595 1041 670 adnnenS,

136 699 251 764 Raris
267 709 358 789 opes,
376 704 528 766 niteant:
554 703 711 788 inquinet
726 721 827 766 arona
842 702 938 765 sitns.

96 804 317 892 Conatnsqne
332 808 459 895 aliquis
474 808 606 894 vagina
622 808 747 872 ducere
751 809 915 891 fenenne,

136 910 354 979 Adstrictum
370 914 476 1000 longa
491 915 618 978 sentiat
634 934 703 977 esse
718 934 829 977 mora.
1098 945 1150 1001 930
1204 964 1207 971 .

90 1016 143 1085 At
157 1028 196 1084 tn
213 1041 255 1083 ne
270 1019 364 1084 neoto
385 1019 569 1086 Cererem!
592 1027 794 1108 semperque
809 1019 947 1085 colonus

135 1126 286 1192 Absenti
291 1129 405 1215 possit
420 1127 554 1192 solvere
568 1136 650 1192 nota
666 1128 741 1193 tibi.

91 1232 238 1299 Dixerat
248 1257 257 1310 3
283 1256 303 1299 a
320 1235 440 1300 dextra
456 1235 550 1301 villis
565 1236 714 1301 mantele
731 1235 863 1312 solatia,

138 1339 296 1428 Cumque
313 1341 397 1406 meri
414 1353 531 1429 patera
549 1343 632 1407 turis
649 1363 768 1407 acerra
784 1342 866 1417 fuit;

91 1444 189 1512 Tura
205 1448 291 1515 focis
305 1449 491 1536 vinumque
509 1450 613 1526 dedit,
632 1450 805 1536 fibrasque
821 1449 982 1526 bidentis,
1097 1479 1149 1538 935

136 1553 337 1643 Turpiaque
353 1557 524 1623 obscenae
543 1556 728 1645 (vidimus)
750 1567 830 1621 exta
847 1556 955 1623 canis.

92 1659 186 1727 Tum
202 1662 286 1728 mihi
301 1662 396 1731 ‘Cur
411 1663 509 1729 detur
525 1664 632 1729 sacris
650 1685 739 1729 nova
751 1662 905 1737 victima,
918 1662 1078 1749 quaeris?
1090 1663 1150 1713 '-

140 1766 439 1850 Quaesieram-‘
453 1768 607 1837 Causam
624 1770 781 1855 percipe'
797 1769 925 1834 flamen
942 1770 998 1835 ait.

97 1873 180 1939 ‘Est
195 1874 303 1950 can-is,
321 1873 470 1941 Icarium
486 1876 616 1952 dicunt,
635 1899 702 1963 quo
719 1876 830 1941 sidere
847 1887 938 1943 moto

137 1980 245 2045 Tosta
262 1979 328 2045 sitit
343 1982 455 2056 tellas,
474 1982 747 2068 praecipiturque
764 2000 878 2068 seges.
1097 2015 1150 2070 940

99 2083 162 2152 Pro
178 2107 264 2151 cane
280 2086 412 2153 sidereo
428 2088 524 2153 canis
540 2089 597 2153 hic
612 2088 797 2174 imponitur
812 2109 906 2164 arae,

139 2191 184 2258 Et
198 2213 305 2280 quare
321 2203 451 2279 pereat,
469 2194 518 2261 nii
533 2193 596 2261 nisi
613 2214 738 2259 nomen
754 2194 882 2259 habet.’
