2490 4208
90 181 157 250 168
412 244 417 249 .
460 182 611 251 Skorter
632 183 769 251 Poenis.
837 201 839 205 ·
983 196 1138 271 [Aurum

87 380 198 446 Plena
214 381 276 446 fnit
291 381 388 447 vobis
403 381 497 446 omni
513 381 697 446 concordia
713 381 797 456 vita,

134 487 179 551 Et
194 488 285 552 stetit
300 489 344 552 ad
358 489 464 552 finem
482 488 585 573 longa
602 500 774 574 tenaxque
790 488 889 552 fides,

90 592 196 678 Qiod
212 594 274 658 luit
288 593 456 680 Argolico
467 593 604 681 juvenis
620 593 779 659 Phoceus
796 593 955 669 Orestae,
1108 620 1135 677 15

136 698 214 764 Hoc
229 699 303 775 tibi,
321 702 403 764 dum
420 699 526 774 licuit,
545 702 699 784 psittace,
717 711 826 764 turtur
841 713 926 765 erat.

91 804 187 890 Quid
202 818 317 870 tamen
333 805 511 881 istafides,
530 806 611 892 quid
628 806 697 870 rari
713 807 823 871 forma
839 806 978 883 coloris,

135 909 231 996 Qid
246 932 314 976 vox
331 912 501 976 mutandis
517 895 699 999 ingeniosa
715 913 821 989 sonis,

90 1016 185 1102 Quid
198 1017 307 1105 juvat,
325 1030 362 1082 ut
377 1018 476 1082 datus
491 1038 541 1093 es,
559 1030 695 1083 nostrae
712 1019 883 1105 placuisse
899 1017 1062 1104 puellae?

135 1122 259 1187 Infelix
276 1123 390 1187 avium
407 1124 531 1210 gloria,
550 1145 675 1210 nempe
688 1126 797 1213 jaces.
1104 1155 1134 1194 πο

88 1229 146 1293 Tu
162 1241 298 1314 poteras
313 1229 455 1315 fragiles
471 1229 585 1315 pinnis
602 1231 764 1297 hebetare
781 1231 1005 1318 zmaragdos,

132 1334 258 1398 Tincta
274 1356 400 1422 gerens
416 1336 518 1400 rubro
534 1336 666 1402 Punica
681 1349 790 1403 rostra
806 1358 919 1403 croco.

88 1438 171 1505 Non
188 1440 250 1505 suit
266 1441 301 1504 in
317 1441 414 1506 terris
430 1463 554 1507 vocum
571 1443 786 1509 simulantior
802 1445 896 1508 ales:

135 1545 321 1612 Reddebas
338 1548 455 1613 blaeso
470 1562 541 1613 tam
557 1550 646 1615 bene
662 1542 768 1614 verba
783 1572 880 1616 sono.

89 1651 225 1737 Raptus
241 1675 279 1718 es
295 1652 445 1725 invidia;
470 1678 539 1721 non
555 1668 592 1720 tu
608 1657 679 1721 fera
695 1657 788 1721 bella
805 1656 990 1731 movebas3
1103 1681 1132 1738 25

136 1756 303 1824 Garrulus
319 1772 353 1824 et
368 1761 525 1846 placidae
542 1763 637 1848 pacis
653 1775 784 1827 amator
799 1783 890 1827 eras.
1011 1756 1018 1767 ⁸

90 1862 196 1941 Ecce,
214 1866 406 1933 coturnices
422 1869 509 1933 inter
524 1889 587 1934 sua
603 1869 734 1954 proelia
750 1869 881 1944 vivunt,

135 1969 292 2038 Forsitan
310 1986 342 2038 et
357 1975 441 2039 fiant
456 1975 536 2041 inde
551 1976 746 2062 frequenter
762 1996 862 2041 anus.

91 2074 219 2145 Plenus
235 2101 311 2146 eras
328 2081 491 2148 minimo:
515 2103 581 2147 nec
596 2102 678 2168 prae
694 2081 861 2147 sermonis
878 2101 998 2146 amore

137 2183 177 2249 In
195 2188 318 2253 multos
334 2201 470 2274 poteras
485 2210 545 2254 ora
562 2208 688 2254 vacare
704 2188 813 2252 cibos.
1104 2216 1135 2269 30

91 2288 177 2356 Nux
192 2305 265 2360 erat
279 2316 361 2361 esca
377 2296 449 2373 tibi,
469 2286 661 2381 causaeque
677 2314 851 2380 papavera
868 2293 993 2367 somni,

137 2398 357 2489 Pellebatque
374 2402 464 2466 sitim
481 2401 644 2486 simplicis
661 2422 759 2466 umor
776 2420 898 2486 aquae.

35 2526 39 2535 ·
91 2501 195 2572 Vivet
209 2509 300 2573 edax
317 2509 438 2585 vultur,
456 2509 653 2593 ducensque
669 2527 730 2591 per
746 2511 827 2571 aera
844 2526 951 2593 gyros

138 2612 282 2693 Miluus,
301 2627 334 2681 et
349 2615 486 2702 pluviae
504 2614 667 2702 graculus
684 2625 801 2677 auctor
817 2633 950 2698 aquae3

92 2715 195 2786 Vivet
211 2733 243 2787 et
259 2723 439 2789 armiferae
457 2720 577 2786 cornix
593 2718 702 2784 invisa
719 2718 914 2795 Minervae,
1109 2746 1142 2803 35

138 2827 203 2892 Illa
218 2831 357 2916 quidem
373 2829 496 2895 saeclis
511 2828 572 2892 vix
587 2826 749 2891 moritura
765 2845 901 2890 novem.

94 2930 230 3000 Occidit
245 2937 302 3002 ille
319 2937 459 3024 loquax,
480 2937 651 3001 humanae
668 2932 762 2998 vocis
778 2932 911 3019 imago,

140 3039 320 3117 Psittacus,
339 3056 492 3108 extremo
509 3063 632 3106 munus
650 3040 693 3104 ab
710 3040 791 3104 orbe
808 3038 939 3103 datum.

95 3142 234 3230 Optima
252 3149 361 3233 prima
378 3150 448 3214 lere
465 3149 622 3212 manibus
638 3145 816 3231 rapiuntur
832 3143 967 3218 avaris3

141 3252 330 3339 implentur
346 3256 497 3319 numeris
513 3254 680 3320 deteriora
697 3253 777 3318 suis.
1110 3271 1178 3332 45

95 3357 223 3425 Tristia
239 3360 451 3448 Phylacidae
468 3360 645 3426 Thersites
661 3360 783 3424 funera
799 3356 904 3422 vidit:

137 3465 285 3554 Jamque
301 3468 400 3543 cinis,
417 3468 503 3532 vivis
519 3466 691 3540 fratribnS,
711 3466 841 3530 Hector
856 3474 942 3530 erat.

98 3567 194 3654 Quid
210 3573 354 3637 reseram
372 3574 510 3638 timidae
526 3583 636 3658 prote
653 3571 710 3656 pia
726 3583 805 3636 vota
822 3571 974 3656 puellae,

142 3675 233 3742 Vota
249 3680 441 3763 procelloso
456 3701 517 3765 per
533 3699 627 3742 mare
644 3688 742 3762 rapta
759 3676 862 3742 noto?

99 3777 254 3866 Septima
271 3784 330 3849 lux
347 3784 478 3859 aderat,
496 3806 565 3849 non
581 3785 774 3849 exhibitura
791 3793 1008 3870 sequentem,
1114 3800 1167 3865 45

135 3886 185 3955 Et
198 3891 313 3961 stabat
326 3912 438 3959 vacuo
452 3889 528 3984 jam
539 3888 733 3958 tibiParca
745 3890 845 3961 colos
