2490 4208
93 163 138 231 68
326 161 363 230 T
355 163 397 228 he
418 144 693 230 Encbairtments
714 164 762 245 of
773 160 913 227 Medea.
1003 178 1145 250 [Mfflu.

95 360 301 451 aggrediare
318 360 427 436 nefas,
446 371 479 424 et
495 360 585 475 dum
588 359 683 454 licet,
702 357 817 445 effuge
834 315 994 422 crimenl

95 470 200 542 dixit3
226 478 259 531 et
276 477 334 530 ant
335 488 353 530 e
322 467 488 531 toculos
504 440 635 530 r'ectum
599 458 829 585 ssssiilasilu‘?
846 452 1024 551 pudorque

95 575 326 648 constiterant,
346 583 379 636 et
393 572 483 636 victa
449 533 618 636 dabdt
616 593 688 658 Jam
706 538 969 658 ffirQaQupido

140 682 216 746 Ibat
232 682 277 745 ad
294 679 452 765 antiquas
471 678 621 742 Hecates
639 677 819 741 Perseidos
837 697 928 752 araS,

94 811 180 876 quas
197 810 318 854 nemus
335 788 534 852 umbrosum
552 796 789 871 secretaque
768 784 853 848 silva
870 768 1048 870 tegebat(
1113 816 1146 871 75

95 907 128 960 et
139 896 212 983 jam
228 895 322 960 fortis
339 904 423 968 erat,
442 893 628 979 pulsusque
645 872 971 966 rede's‘s‘e'ra’tir'dom

95 1023 173 1066 cum
189 1002 282 1066 videt
298 999 511 1075 Aesoniden,
530 998 765 1083 exstinctaque
782 996 922 1060 flamma
938 996 1073 1062 revixit.

94 1074 259 1173 erudiere
278 1129 401 1196 genae,
421 1117 468 1171 tot
469 1127 557 1193 oque
574 1104 753 1169 recanduit
768 1124 840 1178 ore,

76 1197 196 1300 0'utque
213 1215 299 1278 solet
314 1213 424 1297 ventis
442 1213 603 1277 alimenta
621 1231 808 1285 assumere,
828 1230 985 1296 quaeque

94 1342 201 1407 parva
218 1320 435 1385 subinducta
452 1319 548 1384 latuit
565 1304 711 1384 sciirtilla
728 1305 858 1392 fatilla,
1112 1336 1147 1390 80

94 1448 262 1502 crescere,
280 1438 314 1492 et
328 1427 365 1492 in
380 1437 512 1491 veteres
529 1425 657 1512 agitata
674 1445 855 1511 resurgere
872 1422 975 1499 vires,

94 1533 144 1598 sic
155 1535 229 1621 jam
245 1533 355 1599 lentus
373 1554 481 1609 amor,
494 1533 569 1621 jam
586 1553 689 1618 quem
705 1532 872 1619 languere
889 1542 1040 1616 putasse,

92 1651 130 1706 ut
145 1641 229 1705 vidit
240 1640 415 1728 juvenem,
434 1640 548 1727 specie
565 1639 753 1725 praesentis
770 1638 900 1703 inarsit.

139 1747 183 1812 Et
170 1759 281 1813 tcasu
298 1748 396 1815 solito
412 1747 591 1813 formosior
608 1745 746 1847 Aesone
764 1756 864 1811 natus

92 1852 152 1919 illa
170 1854 246 1919 luce
263 1854 345 1919 suit:
370 1876 488 1940 posses
505 1850 697 1966 ignoscere
694 1852 843 1959 amanti

93 1971 235 2046 spectat,
255 1971 288 2026 et
303 1961 338 2025 in
354 1963 448 2027 vultu
464 1962 569 2028 veluti
580 1931 660 2027 tdm
674 1925 821 2048 denique
838 1959 913 2025 viso

92 2067 223 2132 lumina
240 2069 309 2132 fixa
325 2079 438 2144 tenet,
446 2089 512 2133 nec
527 2089 564 2133 se
582 2068 737 2133 mortalia
754 2068 898 2133 demens

93 2194 155 2239 ora
169 2174 285 2239 videre
301 2184 409 2260 putat,
427 2196 492 2240 nec
508 2196 545 2240 se
562 2174 711 2240 declinat
727 2175 770 2239 ab
786 2174 859 2240 illo.

92 2290 130 2345 ut
145 2302 226 2345 vero
243 2280 420 2367 coepitque
436 2281 542 2368 loqui,
561 2280 784 2367 dextramque
800 2281 983 2366 prehendit

94 2385 233 2471 hospes,
251 2397 284 2452 et
300 2388 465 2452 auxilium
483 2389 666 2453 summissa
682 2410 768 2453 voce
786 2390 932 2476 rogavit,
1109 2421 1148 2476 90

94 2494 314 2580 promisitque
330 2505 453 2579 torum,
472 2494 622 2559 lacrimis
639 2495 686 2559 ait
702 2495 760 2559 illa
778 2496 946 2580 profusis:

93 2594 105 2639 ²
120 2597 214 2682 Quid
231 2600 355 2665 faciam
370 2601 492 2676 vide03
517 2622 583 2666 nec
599 2623 653 2665 me
670 2601 865 2688 ignorantia
881 2603 953 2667 veri

95 2701 252 2787 decipiet,
271 2703 331 2767 sed
347 2723 456 2768 amor.
506 2701 698 2768 Servabere
716 2726 857 2769 munere
874 2714 1010 2771 nostro:

94 2821 247 2875 servatus
264 2809 429 2894 promissa
446 2810 551 2874 dato!
597 2809 664 2874 Per
681 2831 780 2875 sacra
796 2810 958 2877 triformis

94 2916 151 2982 ille
168 2917 266 2991 deae,
284 2916 429 3002 lucoque
446 2915 531 2981 soret
547 2917 639 3002 quod
656 2940 783 2982 numen
800 2917 835 2983 in
854 2917 926 2993 illo,
1109 2948 1146 3004 95

95 3036 221 3137 perque
238 3032 369 3106 patrem
386 3023 495 3087 soceri
513 3036 709 3089 cernentem
727 3035 851 3090 cuncta
867 3021 983 3100 futuri,

95 3140 303 3213 eventusque
320 3149 400 3193 suos
417 3140 450 3193 et
465 3141 559 3194 tanta
576 3130 729 3216 pericula
742 3132 846 3219 jurat.

96 3235 243 3300 creditus
260 3234 391 3318 accepit
407 3246 562 3302 cantatas
578 3237 731 3322 protinus
749 3239 886 3314 herbas,

96 3341 300 3427 edidicitque
315 3363 429 3417 usum,
448 3344 625 3430 laetusque
641 3344 676 3408 in
693 3354 786 3409 tesca
803 3344 954 3409 recessit.

86 3456 126 3499 s'
141 3447 282 3512 Postera
299 3448 477 3533 depulerat
492 3451 608 3516 stellas
625 3471 748 3516 aurora
764 3451 951 3516 minantes:

96 3553 302 3620 conveniunt
319 3557 436 3641 populi
453 3578 589 3621 sacrum
607 3555 772 3622 Mavortis
788 3556 823 3621 in
841 3577 975 3630 arvum,

96 3660 351 3749 consistuntque
364 3663 471 3751 jugis.
522 3661 639 3728 Medio
656 3684 718 3727 rex
733 3663 807 3748 ipse
824 3661 950 3727 resedit

97 3769 249 3856 agmine,
268 3790 459 3855 purpureus
477 3779 676 3855 sceptroque
692 3768 839 3855 insignis
855 3769 998 3832 eburno.

85 3894 172 3938 ecce
186 3873 407 3941 adamanteis
424 3873 608 3940 volcanum
625 3874 764 3940 naribus
781 3873 899 3939 efflant
953 3876 956 3881 '
