2490 4208
94 204 160 295 156
307 150 310 155 Ι
463 207 613 276 Skorter
634 208 771 276 Poems.
1025 224 1143 298 [ωτι.

92 404 197 471 Alma
214 404 328 480 Pales,
347 404 466 470 faveas
482 405 630 491 pastoria
647 426 747 470 sacra
763 405 914 482 canenti,

138 511 331 597 Prosequor
346 510 458 576 officio
475 511 503 576 si
520 523 578 575 tua
595 512 680 576 festa
696 511 766 597 pio.

92 616 195 684 Certe
212 637 278 703 ego
296 617 339 681 de
355 617 460 681 vitulo
477 617 627 681 cinerem
644 616 855 705 stipulasque
871 619 996 686 fabalis
1096 650 1142 709 725

138 724 253 809 Saepe
269 724 329 788 tuli
347 723 449 808 plena
470 722 608 808 (februa
625 726 739 809 casta)
760 746 878 791 manu.

93 828 196 896 Certe
213 850 279 917 ego
294 829 448 894 transilui
465 829 593 916 positas
608 839 660 895 ter
675 831 710 895 in
727 833 847 899 ordine
863 832 1036 911 flammas,

138 936 286 1022 Udaque
302 947 432 1000 roratas
449 936 566 1000 laurea
584 936 675 1002 misit
692 959 812 1026 aquas.

93 1041 190 1107 Mota
207 1043 272 1108 dea
288 1053 351 1118 est,
370 1042 533 1130 operique
549 1044 662 1109 savera
685 1047 867 1112 navalibus
883 1038 953 1123 exi,
982 1062 985 1067 ’

136 1146 288 1237 Puppis!
313 1149 440 1215 habent
457 1160 574 1218 ventos
586 1153 661 1242 jam·
677 1166 756 1219 mea
770 1155 848 1220 vela
864 1168 955 1220 suos.
1096 1183 1146 1240 730

92 1254 124 1333 I,
141 1267 218 1343 pete
234 1255 402 1344 virginea,
421 1259 583 1345 populus,
601 1252 760 1327 suffimen
777 1254 821 1327 ab
838 1282 920 1327 arar

135 1362 244 1430 Vesta
259 1363 374 1440 dabit;
397 1364 526 1433 Vestae
543 1386 687 1434 munere
702 1388 810 1454 purus
826 1369 904 1434 oris.

91 1467 245 1559 Sanguis
260 1472 339 1560 equi
356 1472 514 1539 suffimen
531 1474 609 1550 erit,-
625 1473 790 1562 vitulique
806 1473 937 1549 favilla,

30 1660 33 1665 ,
135 1576 254 1644 Tertia
270 1594 325 1645 res
341 1576 451 1646 durae·
466 1576 604 1646 culmen
620 1578 723 1645 inane
740 1580 854 1645 fabae.

91 1682 224 1761 Pastor,
242 1707 325 1752 oves
340 1698 475 1753 saturas
492 1687 536 1752 ad
552 1686 663 1773 prima
679 1678 882 1773 crepuscula
899 1674 1028 1752 lustrat
1097 1688 1159 1774 735¹

136 1791 241 1859 Unda
257 1793 352 1880 prius
368 1805 522 1882 spargat,
539 1794 712 1882 virgaque
723 1804 837 1859 verrat
852 1793 1012 1857 humum,

90 1897 285 1966 Fraudibus
300 1912 334 1966 et
349 1901 427 1967 fixis
444 1902 647 1967 decorentur
662 1899 766 1967 ovilia
781 1898 908 1976 ramis,-

135 2004 181 2072 Et
193 2014 289 2095 tegat
303 2019 442 2073 ornatas
457 2007 563 2096 longa
580 2016 707 2073 corona
724 2004 827 2071 rores,

91 2111 252 2180 Caerulei
268 2114 352 2180 fiant
366 2114 446 2179 vivo
462 2106 505 2180 de'
521 2113 685 2200 sulphure
702 2102 802 2189 iuml,

134 2218 313 2309 Tectaque
329 2218 474 2287 fumanti
491 2212 655 2306 sulphure
670 2208 763 2284 balet
778 2210 865 2285 ovis.
1098 2249 1152 2305 740

89 2324 163 2393 Ure
178 2348 292 2393 mares
307 2328 415 2404 oleas,
433 2327 652 2413 taedamque,
671 2322 1050 2411 herbasquesabinas,

135 2432 179 2498 Et
195 2440 311 2520 crepet
325 2433 361 2498 ln
378 2432 499 2499 mediis
515 2433 635 2496 lauros
650 2431 771 2496 adusta
787 2429 885 2497 facts

90 2536 248 2626 Libaque
264 2541 309 2606 de
325 2538 421 2605 milio
435 2536 521 2603 milii
537 2528 669 2603 fiscella
685 2546 845 2624 sequetur
857 2546 871 2600 τ’·

136 2644 281 2711 Rustica
297 2645 484 2733 praecipue
500 2654 551 2711 est
567 2638 634 2710 hoc
652 2636 717 2709 dea
734 2643 825 2708 laeta
841 2634 931 2709 cibo.

90 2748 193 2818 Adde
206 2753 314 2838 dapes
326 2753 575 2838 mulctramque
587 2771 684 2826 suas,
697 2749 911 2836 dapibusque
923 2747 1067 2815 resectis
1095 2776 1148 2837 745

137 2857 338 2924 Silvicolarn
352 2859 472 2944 tepido
485 2859 574 2922 lacte
591 2868 737 2943 precare
750 2854 875 2920 Palen.¹

97 2963 244 3053 Consele
263 2964 358 3055 (dic)
369 2965 498 3053 pecori
501 2964 648 3050 pariter
656 2952 864 3050 pecorisque
878 2960 1085 3047 magistris!

135 3071 302 3160 Efflrgrizt
315 3072 462 3137 stabulas
474 3082 568 3136 noxa'
584 3069 726 3157 repulsu
742 3056 838 3132 met‘s'.

5 3220 9 3227 ·
91 3178 177 3249 Sive
190 3204 291 3246 sacro
301 3182 405 3268 pavi,
421 3182 537 3246 sedroe
550 3181 612 3246 sub
628 3179 756 3244 arbore
771 3195 890 3251 sacra,

136 3287 342 3374 Pabulaque
356 3302 379 3352 a·
390 3287 495 3352 bustis
511 3288 621 3352 risseio
636 3285 770 3372 carpsit·
784 3282 878 3360 ovim·
1061 3326 1065 3333 -
1094 3308 1142 3365 750

92 3392 269 3461 sinemus
284 3396 422 3475 r'ntrpvl
432 3395 587 3470 veritum,
605 3392 776 3458 nostrisve
780 3390 942 3476 flcgatae'

137 3500 230 3566 Sunt
245 3500 351 3565 oculis
367 3500 549 3588 nymphae,
567 3500 799 3585 seem'caperve
814 3496 918 3574 dcus;

92 3605 139 3673 Si
151 3630 225 3671 mea
231 3607 320 3692 salx
336 3628 436 3671 ramo
451 3606 566 3670 lucum
579 3604 746 3691 spoliavit
762 3610 884 3690 opace,

144 3712 243 3780 Unde
258 3714 342 3778 data
359 3714 409 3776 est
422 3733 551 3797 aegrae
555 3711 685 3794 fiscina
698 3709 839 3786 frondis
855 3708 933 3787 our}

88 3820 155 3887 Da
170 3822 306 3883 vem'am
322 3818 458 3907 culpae,
475 3838 549 3892 nec,
566 3816 649 3879 dum
664 3814 919 3901 degrandinat,
933 3813 1023 3879 obsit
1092 3838 1139 3896 755

119 3926 381 4018 Agrestiflzno
396 3924 623 4019 supposuisse
636 3927 758 4012 pocus.¹
