<?xml version="1.0" encoding="UTF-8"?>
<!DOCTYPE html PUBLIC "-//W3C//DTD XHTML 1.0 Transitional//EN"
    "http://www.w3.org/TR/xhtml1/DTD/xhtml1-transitional.dtd">
<html xmlns="http://www.w3.org/1999/xhtml" xml:lang="en" lang="en">
 <head>
  <title>
</title>
<meta http-equiv="Content-Type" content="text/html;charset=utf-8" />
  <meta name='ocr-system' content='tesseract 3.04.00' />
  <meta name='ocr-capabilities' content='ocr_page ocr_carea ocr_par ocr_line ocrx_word'/>
</head>
<body>
  <div class='ocr_page' id='page_1' title='image "./publiovidiinaso00allegoog_0052.png"; bbox 0 0 2490 4208; ppageno 0'>
   <div class='ocr_carea' id='block_1_1' title="bbox 98 162 1148 256">
    <p class='ocr_par' dir='ltr' id='par_1_1' title="bbox 98 162 1148 256">
     <span class='ocr_line' id='line_1_1' title="bbox 98 162 1148 256; baseline -0.01 -18"><span class='ocrx_word' id='word_1_1' title='bbox 98 184 123 237; x_wconf 95' lang='lat'>1.</span> <span class='ocrx_word' id='word_1_2' title='bbox 150 182 226 256; x_wconf 84' lang='lat'>283.]</span> <span class='ocrx_word' id='word_1_3' title='bbox 386 162 587 250; x_wconf 75' lang='lat' dir='ltr'>Gatberrizg</span> <span class='ocrx_word' id='word_1_4' title='bbox 606 164 654 249; x_wconf 83' lang='lat' dir='ltr'>os</span> <span class='ocrx_word' id='word_1_5' title='bbox 666 162 723 229; x_wconf 78' lang='lat' dir='ltr'>the</span> <span class='ocrx_word' id='word_1_6' title='bbox 749 162 892 229; x_wconf 71' lang='lat' dir='ltr'>Watcra</span> <span class='ocrx_word' id='word_1_7' title='bbox 1108 181 1148 247; x_wconf 86' lang='lat'>13</span> 
     </span>
    </p>
   </div>
   <div class='ocr_carea' id='block_1_2' title="bbox 94 352 1150 3858">
    <p class='ocr_par' dir='ltr' id='par_1_2' title="bbox 95 352 1150 449">
     <span class='ocr_line' id='line_1_2' title="bbox 95 352 1150 449; baseline -0.002 -23"><span class='ocrx_word' id='word_1_8' title='bbox 95 362 179 427; x_wconf 87' lang='lat' dir='ltr'>talia</span> <span class='ocrx_word' id='word_1_9' title='bbox 194 372 410 449; x_wconf 83' lang='lat' dir='ltr'>quaerentes,</span> <span class='ocrx_word' id='word_1_10' title='bbox 428 359 493 426; x_wconf 90' lang='lat' dir='ltr'>sibi</span> <span class='ocrx_word' id='word_1_11' title='bbox 509 359 601 426; x_wconf 89' lang='lat' dir='ltr'>enim</span> <span class='ocrx_word' id='word_1_12' title='bbox 618 360 690 427; x_wconf 85' lang='lat' dir='ltr'>fore</span> <span class='ocrx_word' id='word_1_13' title='bbox 707 370 821 426; x_wconf 90' lang='lat' dir='ltr'>cetera</span> <span class='ocrx_word' id='word_1_14' title='bbox 837 380 954 434; x_wconf 91' lang='lat' dir='ltr'>curae,</span> <span class='ocrx_word' id='word_1_15' title='bbox 981 352 984 357; x_wconf 62' lang='grc'><strong>’</strong></span> <span class='ocrx_word' id='word_1_16' title='bbox 1097 388 1150 446; x_wconf 84' lang='lat'>²50</span> 
     </span>
    </p>

    <p class='ocr_par' dir='ltr' id='par_1_3' title="bbox 96 465 1009 554">
     <span class='ocr_line' id='line_1_3' title="bbox 96 465 1009 554; baseline -0.002 -21"><span class='ocrx_word' id='word_1_17' title='bbox 96 490 159 533; x_wconf 86' lang='lat' dir='ltr'>rex</span> <span class='ocrx_word' id='word_1_18' title='bbox 176 490 337 554; x_wconf 87' lang='lat' dir='ltr'>superum</span> <span class='ocrx_word' id='word_1_19' title='bbox 354 467 526 551; x_wconf 91' lang='lat' dir='ltr'>trepidare</span> <span class='ocrx_word' id='word_1_20' title='bbox 542 477 645 543; x_wconf 88' lang='lat' dir='ltr'>vetat,</span> <span class='ocrx_word' id='word_1_21' title='bbox 664 467 887 553; x_wconf 86' lang='lat' dir='ltr'>subolemque</span> <span class='ocrx_word' id='word_1_22' title='bbox 904 465 1009 553; x_wconf 86' lang='lat' dir='ltr'>priori</span> 
     </span>
    </p>

    <p class='ocr_par' dir='ltr' id='par_1_4' title="bbox 97 573 1030 768">
     <span class='ocr_line' id='line_1_4' title="bbox 97 573 890 661; baseline -0.004 -21"><span class='ocrx_word' id='word_1_23' title='bbox 97 576 297 640; x_wconf 86' lang='lat' dir='ltr'>dissimilem</span> <span class='ocrx_word' id='word_1_24' title='bbox 315 574 442 661; x_wconf 93' lang='lat' dir='ltr'>populo</span> <span class='ocrx_word' id='word_1_25' title='bbox 460 573 622 659; x_wconf 88' lang='lat' dir='ltr'>promittit</span> <span class='ocrx_word' id='word_1_26' title='bbox 639 573 773 661; x_wconf 85' lang='lat' dir='ltr'>origine</span> <span class='ocrx_word' id='word_1_27' title='bbox 791 574 890 637; x_wconf 90' lang='lat' dir='ltr'>mira.</span> 
     </span>
     <span class='ocr_line' id='line_1_5' title="bbox 137 680 1030 768; baseline -0.002 -22"><span class='ocrx_word' id='word_1_28' title='bbox 137 682 285 768; x_wconf 85' lang='lat' dir='ltr'>Jamque</span> <span class='ocrx_word' id='word_1_29' title='bbox 302 692 375 746; x_wconf 89' lang='lat' dir='ltr'>erat</span> <span class='ocrx_word' id='word_1_30' title='bbox 390 680 424 744; x_wconf 93' lang='lat' dir='ltr'>in</span> <span class='ocrx_word' id='word_1_31' title='bbox 441 691 527 745; x_wconf 86' lang='lat' dir='ltr'>totas</span> <span class='ocrx_word' id='word_1_32' title='bbox 544 701 725 765; x_wconf 89' lang='lat' dir='ltr'>sparsurus</span> <span class='ocrx_word' id='word_1_33' title='bbox 741 680 885 745; x_wconf 82' lang='lat' dir='ltr'>fulmina</span> <span class='ocrx_word' id='word_1_34' title='bbox 901 691 1030 746; x_wconf 85' lang='lat' dir='ltr'>terras:</span> 
     </span>
    </p>

    <p class='ocr_par' dir='ltr' id='par_1_5' title="bbox 96 785 991 872">
     <span class='ocr_line' id='line_1_6' title="bbox 96 785 991 872; baseline -0.003 -18"><span class='ocrx_word' id='word_1_35' title='bbox 96 789 159 854; x_wconf 89' lang='lat' dir='ltr'>sed</span> <span class='ocrx_word' id='word_1_36' title='bbox 175 787 298 864; x_wconf 87' lang='lat' dir='ltr'>timuit,</span> <span class='ocrx_word' id='word_1_37' title='bbox 317 808 360 852; x_wconf 93' lang='lat' dir='ltr'>ne</span> <span class='ocrx_word' id='word_1_38' title='bbox 377 785 462 852; x_wconf 89' lang='lat' dir='ltr'>forte</span> <span class='ocrx_word' id='word_1_39' title='bbox 479 807 577 851; x_wconf 87' lang='lat' dir='ltr'>sacer</span> <span class='ocrx_word' id='word_1_40' title='bbox 593 798 640 852; x_wconf 91' lang='lat' dir='ltr'>tot</span> <span class='ocrx_word' id='word_1_41' title='bbox 657 788 700 851; x_wconf 88' lang='lat' dir='ltr'>ab</span> <span class='ocrx_word' id='word_1_42' title='bbox 715 786 855 872; x_wconf 82' lang='lat' dir='ltr'>ignibus</span> <span class='ocrx_word' id='word_1_43' title='bbox 873 789 991 853; x_wconf 86' lang='lat' dir='ltr'>aether</span> 
     </span>
    </p>

    <p class='ocr_par' dir='ltr' id='par_1_6' title="bbox 96 893 1007 981">
     <span class='ocr_line' id='line_1_7' title="bbox 96 893 1007 981; baseline -0.003 -21"><span class='ocrx_word' id='word_1_44' title='bbox 96 894 294 981; x_wconf 90' lang='lat' dir='ltr'>conciperet</span> <span class='ocrx_word' id='word_1_45' title='bbox 308 893 480 968; x_wconf 87' lang='lat' dir='ltr'>flammas,</span> <span class='ocrx_word' id='word_1_46' title='bbox 498 894 691 979; x_wconf 85' lang='lat' dir='ltr'>longusque</span> <span class='ocrx_word' id='word_1_47' title='bbox 709 894 904 959; x_wconf 84' lang='lat' dir='ltr'>ardesceret</span> <span class='ocrx_word' id='word_1_48' title='bbox 919 893 1007 958; x_wconf 85' lang='lat' dir='ltr'>axis.</span> 
     </span>
    </p>

    <p class='ocr_par' dir='ltr' id='par_1_7' title="bbox 96 998 1030 1089">
     <span class='ocr_line' id='line_1_8' title="bbox 96 998 1030 1089; baseline -0.001 -22"><span class='ocrx_word' id='word_1_49' title='bbox 96 1024 174 1067; x_wconf 91' lang='lat' dir='ltr'>esse</span> <span class='ocrx_word' id='word_1_50' title='bbox 190 1022 325 1089; x_wconf 88' lang='lat' dir='ltr'>quoque</span> <span class='ocrx_word' id='word_1_51' title='bbox 341 1000 377 1065; x_wconf 91' lang='lat' dir='ltr'>in</span> <span class='ocrx_word' id='word_1_52' title='bbox 394 999 471 1065; x_wconf 86' lang='lat' dir='ltr'>fatis</span> <span class='ocrx_word' id='word_1_53' title='bbox 488 998 729 1074; x_wconf 87' lang='lat' dir='ltr'>reminiscitur,</span> <span class='ocrx_word' id='word_1_54' title='bbox 748 1000 865 1065; x_wconf 88' lang='lat' dir='ltr'>adfore</span> <span class='ocrx_word' id='word_1_55' title='bbox 882 1012 1030 1086; x_wconf 90' lang='lat' dir='ltr'>tempus,</span> 
     </span>
    </p>

    <p class='ocr_par' dir='ltr' id='par_1_8' title="bbox 95 1106 968 1195">
     <span class='ocr_line' id='line_1_9' title="bbox 95 1106 968 1195; baseline 0 -23"><span class='ocrx_word' id='word_1_56' title='bbox 95 1131 166 1195; x_wconf 92' lang='lat' dir='ltr'>quo</span> <span class='ocrx_word' id='word_1_57' title='bbox 182 1128 289 1182; x_wconf 91' lang='lat' dir='ltr'>mare,</span> <span class='ocrx_word' id='word_1_58' title='bbox 308 1129 376 1194; x_wconf 94' lang='lat' dir='ltr'>quo</span> <span class='ocrx_word' id='word_1_59' title='bbox 391 1106 505 1180; x_wconf 91' lang='lat' dir='ltr'>tellus,</span> <span class='ocrx_word' id='word_1_60' title='bbox 525 1116 748 1191; x_wconf 89' lang='lat' dir='ltr'>correptaque</span> <span class='ocrx_word' id='word_1_61' title='bbox 766 1106 863 1193; x_wconf 88' lang='lat' dir='ltr'>regia</span> <span class='ocrx_word' id='word_1_62' title='bbox 881 1107 968 1172; x_wconf 91' lang='lat' dir='ltr'>caeli</span> 
     </span>
    </p>

    <p class='ocr_par' dir='ltr' id='par_1_9' title="bbox 96 1211 860 1297">
     <span class='ocr_line' id='line_1_10' title="bbox 96 1211 860 1297; baseline -0.003 -18"><span class='ocrx_word' id='word_1_63' title='bbox 96 1215 228 1288; x_wconf 84' lang='lat' dir='ltr'>ardeat,</span> <span class='ocrx_word' id='word_1_64' title='bbox 247 1225 280 1279; x_wconf 91' lang='lat' dir='ltr'>et</span> <span class='ocrx_word' id='word_1_65' title='bbox 296 1211 415 1278; x_wconf 92' lang='lat' dir='ltr'>mundi</span> <span class='ocrx_word' id='word_1_66' title='bbox 432 1213 539 1277; x_wconf 89' lang='lat' dir='ltr'>moles</span> <span class='ocrx_word' id='word_1_67' title='bbox 556 1233 702 1297; x_wconf 91' lang='lat' dir='ltr'>operosa</span> <span class='ocrx_word' id='word_1_68' title='bbox 718 1213 860 1279; x_wconf 90' lang='lat' dir='ltr'>laboret.</span> 
     </span>
    </p>

    <p class='ocr_par' dir='ltr' id='par_1_10' title="bbox 95 1317 1148 1513">
     <span class='ocr_line' id='line_1_11' title="bbox 95 1317 973 1407; baseline -0.001 -22"><span class='ocrx_word' id='word_1_69' title='bbox 95 1321 166 1386; x_wconf 91' lang='lat' dir='ltr'>tela</span> <span class='ocrx_word' id='word_1_70' title='bbox 182 1317 565 1405; x_wconf 20' lang='lat' dir='ltr'>reponuntur-manibus</span> <span class='ocrx_word' id='word_1_71' title='bbox 582 1318 747 1384; x_wconf 80' lang='lat' dir='ltr'>fabricata</span> <span class='ocrx_word' id='word_1_72' title='bbox 764 1319 973 1407; x_wconf 89' lang='lat' dir='ltr'>Cyclopum.</span> 
     </span>
     <span class='ocr_line' id='line_1_12' title="bbox 143 1424 1148 1513; baseline 0.007 -22"><span class='ocrx_word' id='word_1_73' title='bbox 143 1425 259 1491; x_wconf 89' lang='lat' dir='ltr'>Poena</span> <span class='ocrx_word' id='word_1_74' title='bbox 276 1426 391 1511; x_wconf 90' lang='lat' dir='ltr'>placet</span> <span class='ocrx_word' id='word_1_75' title='bbox 407 1424 555 1499; x_wconf 90' lang='lat' dir='ltr'>diversa,</span> <span class='ocrx_word' id='word_1_76' title='bbox 573 1446 685 1513; x_wconf 87' lang='lat' dir='ltr'>genus</span> <span class='ocrx_word' id='word_1_77' title='bbox 703 1428 845 1492; x_wconf 89' lang='lat' dir='ltr'>mortale</span> <span class='ocrx_word' id='word_1_78' title='bbox 862 1429 926 1493; x_wconf 92' lang='lat' dir='ltr'>sub</span> <span class='ocrx_word' id='word_1_79' title='bbox 943 1427 1042 1494; x_wconf 90' lang='lat' dir='ltr'>undis</span> <span class='ocrx_word' id='word_1_80' title='bbox 1095 1442 1148 1497; x_wconf 88' lang='lat'>260</span> 
     </span>
    </p>

    <p class='ocr_par' dir='ltr' id='par_1_11' title="bbox 95 1532 944 1619">
     <span class='ocr_line' id='line_1_13' title="bbox 95 1532 944 1619; baseline 0.001 -21"><span class='ocrx_word' id='word_1_81' title='bbox 95 1533 254 1619; x_wconf 87' lang='lat' dir='ltr'>perdere,</span> <span class='ocrx_word' id='word_1_82' title='bbox 273 1544 305 1597; x_wconf 90' lang='lat' dir='ltr'>et</span> <span class='ocrx_word' id='word_1_83' title='bbox 321 1553 365 1597; x_wconf 87' lang='lat' dir='ltr'>ex</span> <span class='ocrx_word' id='word_1_84' title='bbox 381 1532 474 1597; x_wconf 92' lang='lat' dir='ltr'>omni</span> <span class='ocrx_word' id='word_1_85' title='bbox 491 1532 625 1597; x_wconf 91' lang='lat' dir='ltr'>nimbos</span> <span class='ocrx_word' id='word_1_86' title='bbox 642 1534 818 1598; x_wconf 90' lang='lat' dir='ltr'>demittere</span> <span class='ocrx_word' id='word_1_87' title='bbox 835 1535 944 1599; x_wconf 88' lang='lat' dir='ltr'>caelo.</span> 
     </span>
    </p>

    <p class='ocr_par' dir='ltr' id='par_1_12' title="bbox 95 1637 943 1725">
     <span class='ocr_line' id='line_1_14' title="bbox 95 1637 943 1725; baseline 0.002 -22"><span class='ocrx_word' id='word_1_88' title='bbox 95 1639 250 1725; x_wconf 89' lang='lat' dir='ltr'>protinus</span> <span class='ocrx_word' id='word_1_89' title='bbox 266 1637 399 1704; x_wconf 90' lang='lat' dir='ltr'>Aeoliis</span> <span class='ocrx_word' id='word_1_90' title='bbox 416 1639 611 1724; x_wconf 88' lang='lat' dir='ltr'>aquilonem</span> <span class='ocrx_word' id='word_1_91' title='bbox 628 1640 755 1705; x_wconf 89' lang='lat' dir='ltr'>claudit</span> <span class='ocrx_word' id='word_1_92' title='bbox 772 1641 806 1704; x_wconf 91' lang='lat' dir='ltr'>in</span> <span class='ocrx_word' id='word_1_93' title='bbox 824 1640 943 1717; x_wconf 90' lang='lat' dir='ltr'>antris,</span> 
     </span>
    </p>

    <p class='ocr_par' dir='ltr' id='par_1_13' title="bbox 96 1744 991 1833">
     <span class='ocr_line' id='line_1_15' title="bbox 96 1744 991 1833; baseline 0.002 -22"><span class='ocrx_word' id='word_1_94' title='bbox 96 1757 132 1812; x_wconf 90' lang='lat' dir='ltr'>et</span> <span class='ocrx_word' id='word_1_95' title='bbox 147 1766 384 1832; x_wconf 89' lang='lat' dir='ltr'>quaecumque</span> <span class='ocrx_word' id='word_1_96' title='bbox 400 1744 522 1833; x_wconf 86' lang='lat' dir='ltr'>sugant</span> <span class='ocrx_word' id='word_1_97' title='bbox 538 1745 696 1811; x_wconf 89' lang='lat' dir='ltr'>inductas</span> <span class='ocrx_word' id='word_1_98' title='bbox 712 1746 852 1811; x_wconf 91' lang='lat' dir='ltr'>flamina</span> <span class='ocrx_word' id='word_1_99' title='bbox 868 1748 991 1822; x_wconf 90' lang='lat' dir='ltr'>nubes,</span> 
     </span>
    </p>

    <p class='ocr_par' dir='ltr' id='par_1_14' title="bbox 96 1851 996 1939">
     <span class='ocr_line' id='line_1_16' title="bbox 96 1851 996 1939; baseline -0.001 -19"><span class='ocrx_word' id='word_1_100' title='bbox 96 1852 284 1939; x_wconf 88' lang='lat' dir='ltr'>emittitque</span> <span class='ocrx_word' id='word_1_101' title='bbox 300 1851 443 1918; x_wconf 88' lang='lat' dir='ltr'>Notum.</span> <span class='ocrx_word' id='word_1_102' title='bbox 493 1851 646 1918; x_wconf 87' lang='lat' dir='ltr'>Madidis</span> <span class='ocrx_word' id='word_1_103' title='bbox 663 1853 774 1918; x_wconf 89' lang='lat' dir='ltr'>Notus</span> <span class='ocrx_word' id='word_1_104' title='bbox 791 1855 904 1919; x_wconf 86' lang='lat' dir='ltr'>evolat</span> <span class='ocrx_word' id='word_1_105' title='bbox 920 1855 996 1930; x_wconf 92' lang='lat' dir='ltr'>alis,</span> 
     </span>
    </p>

    <p class='ocr_par' dir='ltr' id='par_1_15' title="bbox 95 1958 855 2046">
     <span class='ocr_line' id='line_1_17' title="bbox 95 1958 855 2046; baseline -0.001 -22"><span class='ocrx_word' id='word_1_106' title='bbox 95 1958 281 2024; x_wconf 87' lang='lat' dir='ltr'>terribilem</span> <span class='ocrx_word' id='word_1_107' title='bbox 298 1958 397 2044; x_wconf 89' lang='lat' dir='ltr'>picea</span> <span class='ocrx_word' id='word_1_108' title='bbox 412 1969 520 2024; x_wconf 89' lang='lat' dir='ltr'>tectus</span> <span class='ocrx_word' id='word_1_109' title='bbox 538 1959 687 2046; x_wconf 87' lang='lat' dir='ltr'>caligine</span> <span class='ocrx_word' id='word_1_110' title='bbox 703 1961 855 2025; x_wconf 87' lang='lat' dir='ltr'>vultum:</span> 
     </span>
    </p>

    <p class='ocr_par' dir='ltr' id='par_1_16' title="bbox 96 2065 965 2153">
     <span class='ocr_line' id='line_1_18' title="bbox 96 2065 965 2153; baseline -0.001 -20"><span class='ocrx_word' id='word_1_111' title='bbox 96 2066 204 2133; x_wconf 90' lang='lat' dir='ltr'>barba</span> <span class='ocrx_word' id='word_1_112' title='bbox 221 2065 337 2153; x_wconf 86' lang='lat' dir='ltr'>gravis</span> <span class='ocrx_word' id='word_1_113' title='bbox 353 2065 491 2141; x_wconf 75' lang='lat' dir='ltr'>nimbiS,</span> <span class='ocrx_word' id='word_1_114' title='bbox 510 2066 606 2131; x_wconf 86' lang='lat' dir='ltr'>canis</span> <span class='ocrx_word' id='word_1_115' title='bbox 622 2066 695 2130; x_wconf 87' lang='lat' dir='ltr'>fluit</span> <span class='ocrx_word' id='word_1_116' title='bbox 711 2068 803 2131; x_wconf 91' lang='lat' dir='ltr'>unda</span> <span class='ocrx_word' id='word_1_117' title='bbox 820 2067 965 2152; x_wconf 77' lang='lat' dir='ltr'>capilliS,</span> 
     </span>
    </p>

    <p class='ocr_par' dir='ltr' id='par_1_17' title="bbox 95 2172 1065 2261">
     <span class='ocr_line' id='line_1_19' title="bbox 95 2172 1065 2261; baseline 0.001 -24"><span class='ocrx_word' id='word_1_118' title='bbox 95 2173 207 2238; x_wconf 85' lang='lat' dir='ltr'>fronte</span> <span class='ocrx_word' id='word_1_119' title='bbox 224 2172 343 2238; x_wconf 91' lang='lat' dir='ltr'>sedent</span> <span class='ocrx_word' id='word_1_120' title='bbox 358 2173 518 2248; x_wconf 88' lang='lat' dir='ltr'>nebulae,</span> <span class='ocrx_word' id='word_1_121' title='bbox 537 2185 652 2239; x_wconf 90' lang='lat' dir='ltr'>rorant</span> <span class='ocrx_word' id='word_1_122' title='bbox 669 2195 871 2260; x_wconf 89' lang='lat' dir='ltr'>pennaeque</span> <span class='ocrx_word' id='word_1_123' title='bbox 888 2174 1065 2261; x_wconf 88' lang='lat' dir='ltr'>sinusque.</span> 
     </span>
    </p>

    <p class='ocr_par' dir='ltr' id='par_1_18' title="bbox 94 2279 891 2366">
     <span class='ocr_line' id='line_1_20' title="bbox 94 2279 891 2366; baseline 0 -21"><span class='ocrx_word' id='word_1_124' title='bbox 94 2292 201 2366; x_wconf 90' lang='lat' dir='ltr'>utque</span> <span class='ocrx_word' id='word_1_125' title='bbox 220 2300 322 2343; x_wconf 92' lang='lat' dir='ltr'>manu</span> <span class='ocrx_word' id='word_1_126' title='bbox 338 2279 405 2343; x_wconf 90' lang='lat' dir='ltr'>late</span> <span class='ocrx_word' id='word_1_127' title='bbox 422 2279 607 2365; x_wconf 90' lang='lat' dir='ltr'>pendentia</span> <span class='ocrx_word' id='word_1_128' title='bbox 623 2280 741 2345; x_wconf 89' lang='lat' dir='ltr'>nubila</span> <span class='ocrx_word' id='word_1_129' title='bbox 758 2281 891 2365; x_wconf 85' lang='lat' dir='ltr'>pressit,</span> 
     </span>
    </p>

    <p class='ocr_par' dir='ltr' id='par_1_19' title="bbox 94 2385 973 2474">
     <span class='ocr_line' id='line_1_21' title="bbox 94 2385 973 2474; baseline -0.003 -21"><span class='ocrx_word' id='word_1_130' title='bbox 94 2387 134 2453; x_wconf 91' lang='lat' dir='ltr'>fit</span> <span class='ocrx_word' id='word_1_131' title='bbox 149 2386 278 2474; x_wconf 79' lang='lat' dir='ltr'>fragor,</span> <span class='ocrx_word' id='word_1_132' title='bbox 296 2385 420 2451; x_wconf 90' lang='lat' dir='ltr'>inclusi</span> <span class='ocrx_word' id='word_1_133' title='bbox 436 2385 623 2451; x_wconf 89' lang='lat' dir='ltr'>funduntur</span> <span class='ocrx_word' id='word_1_134' title='bbox 639 2388 682 2451; x_wconf 90' lang='lat' dir='ltr'>ab</span> <span class='ocrx_word' id='word_1_135' title='bbox 700 2389 837 2451; x_wconf 88' lang='lat' dir='ltr'>aethere</span> <span class='ocrx_word' id='word_1_136' title='bbox 854 2387 973 2453; x_wconf 89' lang='lat' dir='ltr'>nimbi.</span> 
     </span>
    </p>

    <p class='ocr_par' dir='ltr' id='par_1_20' title="bbox 94 2492 787 2579">
     <span class='ocr_line' id='line_1_22' title="bbox 94 2492 787 2579; baseline -0.003 -19"><span class='ocrx_word' id='word_1_137' title='bbox 94 2493 216 2560; x_wconf 88' lang='lat' dir='ltr'>nuntia</span> <span class='ocrx_word' id='word_1_138' title='bbox 229 2492 375 2579; x_wconf 89' lang='lat' dir='ltr'>Junonis</span> <span class='ocrx_word' id='word_1_139' title='bbox 391 2493 504 2559; x_wconf 89' lang='lat' dir='ltr'>varios</span> <span class='ocrx_word' id='word_1_140' title='bbox 520 2493 638 2559; x_wconf 89' lang='lat' dir='ltr'>induta</span> <span class='ocrx_word' id='word_1_141' title='bbox 655 2494 787 2558; x_wconf 89' lang='lat' dir='ltr'>colores</span> 
     </span>
    </p>

    <p class='ocr_par' dir='ltr' id='par_1_21' title="bbox 95 2599 1011 2687">
     <span class='ocr_line' id='line_1_23' title="bbox 95 2599 1011 2687; baseline -0.003 -20"><span class='ocrx_word' id='word_1_142' title='bbox 95 2601 246 2686; x_wconf 90' lang='lat' dir='ltr'>concipit</span> <span class='ocrx_word' id='word_1_143' title='bbox 262 2599 325 2665; x_wconf 90' lang='lat' dir='ltr'>Iris</span> <span class='ocrx_word' id='word_1_144' title='bbox 342 2620 462 2686; x_wconf 90' lang='lat' dir='ltr'>aquas,</span> <span class='ocrx_word' id='word_1_145' title='bbox 481 2601 710 2687; x_wconf 88' lang='lat' dir='ltr'>alimentaque</span> <span class='ocrx_word' id='word_1_146' title='bbox 727 2600 874 2667; x_wconf 90' lang='lat' dir='ltr'>nubibus</span> <span class='ocrx_word' id='word_1_147' title='bbox 890 2600 1011 2667; x_wconf 86' lang='lat' dir='ltr'>adfert.</span> 
     </span>
    </p>

    <p class='ocr_par' dir='ltr' id='par_1_22' title="bbox 96 2693 835 2794">
     <span class='ocr_line' id='line_1_24' title="bbox 96 2693 835 2794; baseline 0 -20"><span class='ocrx_word' id='word_1_148' title='bbox 96 2719 293 2774; x_wconf 87' lang='lat' dir='ltr'>sternuntur</span> <span class='ocrx_word' id='word_1_149' title='bbox 309 2718 445 2794; x_wconf 86' lang='lat' dir='ltr'>segetes</span> <span class='ocrx_word' id='word_1_150' title='bbox 460 2718 494 2772; x_wconf 91' lang='lat' dir='ltr'>et</span> <span class='ocrx_word' id='word_1_151' title='bbox 509 2693 686 2793; x_wconf 91' lang='lat' dir='ltr'>deplorata</span> <span class='ocrx_word' id='word_1_152' title='bbox 703 2708 835 2774; x_wconf 91' lang='lat' dir='ltr'>colonis</span> 
     </span>
    </p>

    <p class='ocr_par' dir='ltr' id='par_1_23' title="bbox 94 2813 1038 3007">
     <span class='ocr_line' id='line_1_25' title="bbox 94 2813 956 2903; baseline -0.001 -23"><span class='ocrx_word' id='word_1_153' title='bbox 94 2826 176 2881; x_wconf 89' lang='lat' dir='ltr'>vota</span> <span class='ocrx_word' id='word_1_154' title='bbox 188 2814 317 2903; x_wconf 90' lang='lat' dir='ltr'>jacent,</span> <span class='ocrx_word' id='word_1_155' title='bbox 336 2814 499 2902; x_wconf 89' lang='lat' dir='ltr'>longique</span> <span class='ocrx_word' id='word_1_156' title='bbox 516 2813 604 2900; x_wconf 91' lang='lat' dir='ltr'>perit</span> <span class='ocrx_word' id='word_1_157' title='bbox 619 2814 716 2879; x_wconf 91' lang='lat' dir='ltr'>labor</span> <span class='ocrx_word' id='word_1_158' title='bbox 732 2813 845 2879; x_wconf 90' lang='lat' dir='ltr'>irritus</span> <span class='ocrx_word' id='word_1_159' title='bbox 861 2814 956 2879; x_wconf 90' lang='lat' dir='ltr'>anni.</span> 
     </span>
     <span class='ocr_line' id='line_1_26' title="bbox 142 2920 1038 3007; baseline 0.001 -22"><span class='ocrx_word' id='word_1_160' title='bbox 142 2921 220 2986; x_wconf 91' lang='lat' dir='ltr'>Nec</span> <span class='ocrx_word' id='word_1_161' title='bbox 236 2921 333 2986; x_wconf 88' lang='lat' dir='ltr'>caelo</span> <span class='ocrx_word' id='word_1_162' title='bbox 350 2931 510 2986; x_wconf 90' lang='lat' dir='ltr'>contenta</span> <span class='ocrx_word' id='word_1_163' title='bbox 526 2942 589 2987; x_wconf 93' lang='lat' dir='ltr'>suo</span> <span class='ocrx_word' id='word_1_164' title='bbox 606 2932 656 2985; x_wconf 88' lang='lat' dir='ltr'>est</span> <span class='ocrx_word' id='word_1_165' title='bbox 668 2920 765 3007; x_wconf 90' lang='lat' dir='ltr'>Jovis</span> <span class='ocrx_word' id='word_1_166' title='bbox 781 2920 844 2997; x_wconf 90' lang='lat' dir='ltr'>ira,</span> <span class='ocrx_word' id='word_1_167' title='bbox 864 2922 924 2987; x_wconf 92' lang='lat' dir='ltr'>sed</span> <span class='ocrx_word' id='word_1_168' title='bbox 942 2920 1038 2986; x_wconf 91' lang='lat' dir='ltr'>illum</span> 
     </span>
    </p>

    <p class='ocr_par' dir='ltr' id='par_1_24' title="bbox 96 3027 877 3117">
     <span class='ocr_line' id='line_1_27' title="bbox 96 3027 877 3117; baseline -0.004 -23"><span class='ocrx_word' id='word_1_169' title='bbox 96 3028 278 3094; x_wconf 91' lang='lat' dir='ltr'>caeruleus</span> <span class='ocrx_word' id='word_1_170' title='bbox 295 3027 398 3093; x_wconf 83' lang='lat' dir='ltr'>frater</span> <span class='ocrx_word' id='word_1_171' title='bbox 409 3028 507 3117; x_wconf 86' lang='lat' dir='ltr'>juvat</span> <span class='ocrx_word' id='word_1_172' title='bbox 523 3027 746 3093; x_wconf 86' lang='lat' dir='ltr'>auxiliaribus</span> <span class='ocrx_word' id='word_1_173' title='bbox 762 3028 877 3093; x_wconf 89' lang='lat' dir='ltr'>undis.</span> 
     </span>
    </p>

    <p class='ocr_par' dir='ltr' id='par_1_25' title="bbox 97 3133 1033 3222">
     <span class='ocr_line' id='line_1_28' title="bbox 97 3133 1033 3222; baseline -0.001 -21"><span class='ocrx_word' id='word_1_174' title='bbox 97 3144 264 3201; x_wconf 89' lang='lat' dir='ltr'>convocat</span> <span class='ocrx_word' id='word_1_175' title='bbox 280 3133 336 3199; x_wconf 91' lang='lat' dir='ltr'>hic</span> <span class='ocrx_word' id='word_1_176' title='bbox 354 3156 495 3210; x_wconf 84' lang='lat' dir='ltr'>amnes3</span> <span class='ocrx_word' id='word_1_177' title='bbox 518 3135 577 3221; x_wconf 93' lang='lat' dir='ltr'>qui</span> <span class='ocrx_word' id='word_1_178' title='bbox 593 3147 774 3222; x_wconf 90' lang='lat' dir='ltr'>postquam</span> <span class='ocrx_word' id='word_1_179' title='bbox 790 3145 879 3199; x_wconf 90' lang='lat' dir='ltr'>tecta</span> <span class='ocrx_word' id='word_1_180' title='bbox 895 3134 1033 3222; x_wconf 89' lang='lat' dir='ltr'>tyranni</span> 
     </span>
    </p>

    <p class='ocr_par' dir='ltr' id='par_1_26' title="bbox 95 3239 870 3329">
     <span class='ocr_line' id='line_1_29' title="bbox 95 3239 870 3329; baseline 0.001 -23"><span class='ocrx_word' id='word_1_181' title='bbox 95 3241 267 3307; x_wconf 87' lang='lat' dir='ltr'>intravere</span> <span class='ocrx_word' id='word_1_182' title='bbox 284 3240 349 3316; x_wconf 89' lang='lat' dir='ltr'>sui,</span> <span class='ocrx_word' id='word_1_183' title='bbox 370 3239 473 3306; x_wconf 86' lang='lat' dir='ltr'>‘Non</span> <span class='ocrx_word' id='word_1_184' title='bbox 490 3252 541 3307; x_wconf 89' lang='lat' dir='ltr'>est</span> <span class='ocrx_word' id='word_1_185' title='bbox 557 3242 748 3308; x_wconf 90' lang='lat' dir='ltr'>hortamine</span> <span class='ocrx_word' id='word_1_186' title='bbox 764 3240 870 3329; x_wconf 85' lang='lat' dir='ltr'>longo</span> 
     </span>
    </p>

    <p class='ocr_par' dir='ltr' id='par_1_27' title="bbox 96 3347 951 3424">
     <span class='ocr_line' id='line_1_30' title="bbox 96 3347 951 3424; baseline -0.001 -11"><span class='ocrx_word' id='word_1_187' title='bbox 96 3347 209 3413; x_wconf 91' lang='lat' dir='ltr'>nunc’</span> <span class='ocrx_word' id='word_1_188' title='bbox 226 3347 271 3411; x_wconf 95' lang='lat' dir='ltr'>ait</span> <span class='ocrx_word' id='word_1_189' title='bbox 288 3348 496 3423; x_wconf 85' lang='lat' dir='ltr'>‘utendum3</span> <span class='ocrx_word' id='word_1_190' title='bbox 521 3348 611 3414; x_wconf 90' lang='lat' dir='ltr'>vires</span> <span class='ocrx_word' id='word_1_191' title='bbox 628 3349 792 3414; x_wconf 87' lang='lat' dir='ltr'>effundite</span> <span class='ocrx_word' id='word_1_192' title='bbox 808 3359 951 3424; x_wconf 89' lang='lat' dir='ltr'>vestras,</span> 
     </span>
    </p>

    <p class='ocr_par' dir='ltr' id='par_1_28' title="bbox 97 3449 955 3535">
     <span class='ocr_line' id='line_1_31' title="bbox 97 3449 955 3535; baseline 0.001 -20"><span class='ocrx_word' id='word_1_193' title='bbox 97 3451 149 3515; x_wconf 91' lang='lat' dir='ltr'>sic</span> <span class='ocrx_word' id='word_1_194' title='bbox 164 3471 251 3534; x_wconf 90' lang='lat' dir='ltr'>opus</span> <span class='ocrx_word' id='word_1_195' title='bbox 266 3459 336 3523; x_wconf 81' lang='lat' dir='ltr'>est3</span> <span class='ocrx_word' id='word_1_196' title='bbox 363 3449 492 3535; x_wconf 90' lang='lat' dir='ltr'>aperite</span> <span class='ocrx_word' id='word_1_197' title='bbox 509 3450 642 3526; x_wconf 91' lang='lat' dir='ltr'>domos,</span> <span class='ocrx_word' id='word_1_198' title='bbox 661 3473 703 3517; x_wconf 88' lang='lat' dir='ltr'>ac</span> <span class='ocrx_word' id='word_1_199' title='bbox 719 3453 808 3518; x_wconf 92' lang='lat' dir='ltr'>mole</span> <span class='ocrx_word' id='word_1_200' title='bbox 825 3461 955 3517; x_wconf 92' lang='lat' dir='ltr'>remota</span> 
     </span>
    </p>

    <p class='ocr_par' dir='ltr' id='par_1_29' title="bbox 95 3555 1033 3750">
     <span class='ocr_line' id='line_1_32' title="bbox 95 3555 900 3624; baseline 0.002 -3"><span class='ocrx_word' id='word_1_201' title='bbox 95 3555 295 3621; x_wconf 88' lang='lat' dir='ltr'>fluminibus</span> <span class='ocrx_word' id='word_1_202' title='bbox 310 3556 433 3621; x_wconf 89' lang='lat' dir='ltr'>vestris</span> <span class='ocrx_word' id='word_1_203' title='bbox 448 3566 535 3622; x_wconf 88' lang='lat' dir='ltr'>totas</span> <span class='ocrx_word' id='word_1_204' title='bbox 551 3557 707 3624; x_wconf 87' lang='lat' dir='ltr'>inmittite</span> <span class='ocrx_word' id='word_1_205' title='bbox 725 3559 900 3623; x_wconf 67' lang='lat' dir='ltr'>habenas!</span> 
     </span>
     <span class='ocr_line' id='line_1_33' title="bbox 137 3661 1033 3750; baseline 0.002 -23"><span class='ocrx_word' id='word_1_206' title='bbox 137 3661 313 3750; x_wconf 85' lang='lat' dir='ltr'>Jusserat3</span> <span class='ocrx_word' id='word_1_207' title='bbox 339 3661 374 3727; x_wconf 92' lang='lat' dir='ltr'>hi</span> <span class='ocrx_word' id='word_1_208' title='bbox 390 3663 546 3738; x_wconf 89' lang='lat' dir='ltr'>redeunt,</span> <span class='ocrx_word' id='word_1_209' title='bbox 565 3684 607 3729; x_wconf 91' lang='lat' dir='ltr'>ac</span> <span class='ocrx_word' id='word_1_210' title='bbox 623 3664 770 3730; x_wconf 86' lang='lat' dir='ltr'>fontibus</span> <span class='ocrx_word' id='word_1_211' title='bbox 786 3687 847 3731; x_wconf 93' lang='lat' dir='ltr'>ora</span> <span class='ocrx_word' id='word_1_212' title='bbox 863 3668 1033 3742; x_wconf 86' lang='lat' dir='ltr'>relaxant,</span> 
     </span>
    </p>

    <p class='ocr_par' dir='ltr' id='par_1_30' title="bbox 95 3769 866 3858">
     <span class='ocr_line' id='line_1_34' title="bbox 95 3769 866 3858; baseline 0 -22"><span class='ocrx_word' id='word_1_213' title='bbox 95 3781 131 3836; x_wconf 89' lang='lat' dir='ltr'>et</span> <span class='ocrx_word' id='word_1_214' title='bbox 148 3769 323 3835; x_wconf 83' lang='lat' dir='ltr'>defrenato</span> <span class='ocrx_word' id='word_1_215' title='bbox 337 3771 520 3836; x_wconf 90' lang='lat' dir='ltr'>volvuntur</span> <span class='ocrx_word' id='word_1_216' title='bbox 535 3769 571 3835; x_wconf 90' lang='lat' dir='ltr'>in</span> <span class='ocrx_word' id='word_1_217' title='bbox 588 3793 737 3858; x_wconf 89' lang='lat' dir='ltr'>aequora</span> <span class='ocrx_word' id='word_1_218' title='bbox 753 3794 866 3838; x_wconf 90' lang='lat' dir='ltr'>cursu.</span> 
     </span>
    </p>
   </div>
   <div class='ocr_carea' id='block_1_3' title="bbox 95 3876 904 3970">
    <p class='ocr_par' dir='ltr' id='par_1_31' title="bbox 95 3876 904 3970">
     <span class='ocr_line' id='line_1_35' title="bbox 95 3876 904 3970; baseline 0.012 -27"><span class='ocrx_word' id='word_1_219' title='bbox 95 3878 171 3965; x_wconf 91' lang='lat' dir='ltr'>ipse</span> <span class='ocrx_word' id='word_1_220' title='bbox 187 3876 331 3943; x_wconf 89' lang='lat' dir='ltr'>tridente</span> <span class='ocrx_word' id='word_1_221' title='bbox 344 3898 408 3942; x_wconf 83' lang='lat' dir='ltr'>suo</span> <span class='ocrx_word' id='word_1_222' title='bbox 424 3887 547 3946; x_wconf 88' lang='lat' dir='ltr'>terram</span> <span class='ocrx_word' id='word_1_223' title='bbox 565 3881 761 3970; x_wconf 80' lang='lat' dir='ltr'>percussit3</span> <span class='ocrx_word' id='word_1_224' title='bbox 787 3896 824 3952; x_wconf 88' lang='lat' dir='ltr'>at</span> <span class='ocrx_word' id='word_1_225' title='bbox 836 3882 904 3953; x_wconf 87' lang='lat' dir='ltr'>illa</span> 
     </span>
    </p>
   </div>
   <div class='ocr_carea' id='block_1_4' title="bbox 0 0 1250 4208">
    <p class='ocr_par' dir='ltr' id='par_1_32' title="bbox 0 0 1250 4208">
     <span class='ocr_line' id='line_1_36' title="bbox 0 0 1250 4208; baseline 0 0"><span class='ocrx_word' id='word_1_226' title='bbox 0 0 1250 4208; x_wconf 95' lang='lat' dir='ltr'> </span> 
     </span>
    </p>
   </div>
  </div>
 </body>
</html>
