2490 4208
100 177 128 232 1.
147 190 174 244 3,
187 178 248 250 92·]
409 160 707 248 Bam'skedsrom
730 160 853 227 Rome.
1088 174 1151 245 173

99 353 215 440 Saepe
231 357 353 422 eadem
370 359 533 423 mandata
548 351 641 434 dedi,
660 378 783 444 meque
799 357 873 443 ipse
889 355 1008 433 fefelli,

144 461 351 546 Respiciens
367 463 476 528 oculis
492 463 639 551 pignora
656 485 737 528 cara
753 464 851 528 meis.
1116 480 1152 533 60

98 566 258 653 Denique
276 579 285 608 ⁴
300 567 397 654 Quid
421 568 589 655 propero?
613 568 758 657 Scythia
782 580 845 645 est,
871 591 938 656 quo
963 569 1151 647 mittimur,’

278 674 423 761 inquam·
430 697 439 750 3
766 659 768 663 ’
1033 738 1036 745 .

145 791 154 820 ‘
170 779 284 844 Roma
301 781 525 867 relinquenda
541 793 612 846 est:
637 792 781 868 utraque
793 781 886 869 justa
902 803 999 848 mora
1015 793 1074 848 est.

96 887 197 953 Uxor
213 886 248 950 in
265 898 441 951 aeternum
458 887 536 953 vivo
553 887 636 952 mihi
652 889 732 953 viva
748 899 908 976 negatur,

142 992 187 1057 Et
203 993 325 1058 domus
341 1004 375 1057 et
390 993 479 1058 fidae
496 993 610 1059 dulcia
628 995 782 1060 membra
799 995 935 1072 domuS,

97 1097 266 1186 Qosque
282 1119 349 1186 ego
366 1082 635 1165 fraterno'dilexi
653 1122 747 1167 more
763 1101 914 1180 sodales,
1115 1118 1148 1190 65

142 1206 176 1272 Ο
191 1205 276 1270 mihi
291 1205 431 1271 Thesea
448 1217 586 1292 pectora
598 1206 717 1295 juncta
735 1207 824 1274 fidel

96 1312 191 1378 Dum
206 1312 298 1388 licet,
317 1311 526 1397 amplectar:
550 1311 740 1400 numquam
756 1315 899 1381 sortasse
915 1316 1031 1382 licebit

140 1419 352 1506 Amplius·'
344 1441 379 1484 m
396 1420 491 1485 lucro
508 1431 558 1484 est
573 1441 662 1508 quae
679 1422 778 1487 datur
795 1423 879 1487 hora
897 1422 1002 1487 mihi!

97 1527 174 1594 Nec
190 1549 297 1603 mora,
317 1527 483 1592 sermonis
499 1528 605 1592 verba
621 1528 808 1614 inperfecta
825 1530 995 1616 relinquo,

141 1616 384 1720 Complectens
402 1633 516 1700 animo
532 1635 690 1720 proxima
706 1657 863 1723 quaeque
880 1628 970 1702 meo.
1113 1667 1147 1723 70

98 1741 189 1807 Dum
207 1743 326 1827 loquor
342 1751 375 1806 et
389 1740 525 1817 flemus
545 1743 641 1807 caelo
658 1743 880 1809 nitidissimus
898 1745 979 1820 alto,

141 1848 249 1914 Stella
264 1849 381 1936 'gravis
397 1849 508 1926 nobis,
526 1848 667 1914 Lucifer
682 1861 775 1916 ortus
791 1862 883 1915 erat:

98 1954 241 2021 Dividor
257 1956 350 2021 haud
367 1956 476 2031 aliter,
495 1955 599 2042 quam
616 1956 643 2022 si
660 1976 739 2022 mea
756 1958 910 2022 membra
926 1956 1133 2045 relinquam,

140 2061 185 2126 Et
201 2083 280 2148 pars
297 2061 453 2147 abrumpi
471 2084 613 2148 corpore
630 2063 704 2128 visa
721 2085 783 2130 suo
799 2074 862 2129 est.

98 2166 155 2234 Sic
172 2169 279 2235 doluit
295 2168 422 2234 Mettus
439 2180 533 2245 tunc,
553 2189 631 2241 cum
649 2170 684 2234 in
700 2170 871 2236 contraria
886 2191 1005 2236 versos
1112 2201 1145 2259 75

141 2276 279 2341 Ultores
296 2276 414 2340 habuit
429 2275 630 2360 proditionis
647 2297 763 2363 equos.

97 2380 188 2447 Tum
205 2403 286 2446 vero
303 2381 453 2446 exoritur
469 2382 600 2447 clamor
616 2383 832 2470 gemitusque
849 2399 1018 2459 meorum,

140 2487 185 2553 Et
200 2487 324 2562 sariunt
340 2498 491 2552 maestae
507 2499 645 2573 pectora
661 2490 754 2554 nuda
771 2510 907 2555 manus.
928 2531 931 2539 ·

95 2593 188 2659 Tum
204 2615 285 2659 vero
301 2595 464 2681 conjunx,
484 2595 635 2659 humeris
653 2596 808 2660 abeuntis
825 2595 1021 2672 inhaerens,

139 2700 282 2766 Miscuit
296 2701 383 2765 haec
399 2699 549 2766 lacrimis
564 2700 672 2765 tristia
688 2702 778 2766 dicta
795 2702 865 2767 suis
880 2724 888 2767 t
1110 2721 1145 2774 80

94 2805 202 2872 ‘Non
218 2818 314 2892 potes
331 2807 454 2871 auelli:
479 2807 593 2883 simul,
612 2806 679 2872 ab!
704 2808 806 2872 simul
822 2808 965 2873 ibimus'
979 2807 1109 2896 inquit;

141 2924 151 2954 ‘
165 2913 219 2978 Te
236 2935 359 3001 sequar
374 2923 408 2978 et
423 2913 574 3001 conjunx
589 2914 719 2980 exsulis
736 2916 834 2980 exsul
851 2936 922 2980 ero.

91 3018 139 3084 Et
155 3019 237 3084 mihi
254 3021 344 3085 facta
360 3020 415 3084 via
432 3031 494 3096 est,
513 3031 547 3085 et
562 3042 617 3085 me
634 3021 725 3106 capit
741 3022 859 3086 ultima
876 3021 998 3086 tellus

138 3125 316 3192 Accedam
334 3126 502 3214 profugae
518 3128 654 3192 sarcina
671 3149 777 3212 parva
793 3128 870 3192 rati.

91 3232 148 3299 Te
161 3233 257 3322 jubet
273 3255 293 3299 a
310 3234 418 3319 patria
435 3234 611 3299 discedere
628 3233 813 3300 Caesaris
803 3255 869 3310 rra,

96 3341 100 3347 '
140 3340 201 3405 Me
218 3341 347 3426 pietas:
372 3341 479 3426 pietas
497 3343 584 3406 haec
601 3341 684 3406 milri
700 3340 831 3407 Caesar
847 3340 935 3405 erit.'

91 3446 196 3512 Talia
212 3448 410 3533 temptabat,
430 3448 516 3513 sicut
532 3458 756 3533 temptaverat
772 3459 863 3525 ante,

138 3554 276 3642 Vixque
293 3555 385 3620 dedit
400 3555 508 3620 victas
523 3555 666 3638 utilitate
684 3576 818 3620 manus.

94 3659 276 3748 Egredior‚
289 3661 418 3726 —sive
435 3661 519 3726 illud
536 3673 609 3726 erat
626 3661 698 3726 sine
716 3661 835 3726 funere
852 3662 945 3740 ferri,

139 3767 325 3854 Squalidus
341 3766 490 3832 inmissis
508 3767 595 3831 hirta
612 3790 673 3853 per
688 3789 749 3833 ora
767 3770 883 3834 comis.
1107 3805 1143 3859 90

95 3871 158 3937 Illa
174 3873 290 3936 dolore
306 3893 425 3936 amens
442 3873 589 3938 tenebris
606 3886 766 3940 narratur
783 3876 917 3944 obortis

125 3972 345 4038 Semianimis
360 3975 477 4042 media
492 3980 731 4064 procubuisse
750 3983 886 4062 domo,
