2490 4208
56 252 59 258 Ι
120 177 163 232 11.
185 176 257 248 roa]
351 157 469 225 Perils
492 158 539 240 of
552 157 609 222 rae
637 155 804 223 Celestzizl
821 157 939 225 Road.
1128 181 1168 227 21

118 354 238 421 obvius
255 355 304 420 ire
320 355 420 441 polis,
439 376 483 420 ne
500 365 532 420 te
549 354 635 420 citus
652 355 783 440 aufe-rat
800 354 899 422 axis?
1138 388 1171 447 75

57 541 60 545 ⁴
118 462 259 527 forsitan
276 474 309 527 et
324 463 421 526 lucos
438 462 508 525 illic
524 463 694 548 urbesque
712 463 853 526 deorum

118 568 293 658 concipias
310 569 438 643 animo,
457 569 668 655 delubraque
686 569 767 633 ditia
785 570 885 634 donis

65 702 69 710 ·
88 760 91 765 .
105 675 215 740 esse?
240 697 301 760 per
317 675 457 740 insidias
475 675 537 739 iter
554 688 604 740 est
620 676 819 762 formasque
832 677 995 744 ferarum.

25 786 36 801 ‘
117 794 220 867 utque
236 783 327 846 viam
344 793 475 870 teneas,
495 783 658 868 nulloque
675 804 789 855 errore
805 785 964 862 traharis,

116 871 308 973 pertamen
327 890 460 953 adversi
478 889 646 977 gradi-eris
664 909 792 953 cornua
809 890 932 967 Tauri,

117 999 397 1085 Haemoniosque
415 1020 531 1073 arcuS,
545 998 752 1083 violentique
769 1019 828 1062 ora
845 997 988 1077 LeoniS,

116 1086 288 1192 saevaque
305 1105 448 1170 circuitu
465 1116 665 1169 curvantem
681 1105 823 1169 brachia
840 1106 945 1192 longo

48 1204 59 1298 f
114 1213 298 1297 Scorpion,
318 1223 417 1298 atque
435 1212 531 1275 aliter
548 1205 746 1276 curvantem
765 1212 905 1276 brachia
923 1211 1110 1277 Cancrum.

114 1342 178 1385 nec
195 1320 255 1383 tibi
273 1319 513 1405 quadrupedes
532 1319 704 1397 animosos
721 1319 859 1405 ignibus
876 1319 956 1394 illis,

43 1465 46 1473 ·
114 1427 253 1515 quos-in
270 1437 406 1511 pectore
424 1427 563 1500 habent,
582 1447 672 1511 quos·
684 1447 742 1490 ore
760 1437 793 1489 et
809 1426 948 1490 naribus
966 1420 1094 1504 efflant,
1135 1447 1169 1517 83

113 1534 149 1598 in
167 1546 325 1626 pppmptu
343 1553 463 1620 regere
482 1544 552 1597 est:
577 1533 635 1596 vix‘
653 1554 706 1596 me
725 1533 914 1617 patiuntur,
929 1534 987 1598 ubi
1004 1556 1107 1617 acres·

112 1640 296 1705 incaluere
307 1639 424 1722 ammi,
444 1635 627 1726 cerv-ixque
645 1650 816 1726 repugnat
832 1640 988 1706 habenis.
1023 1658 1026 1663 ·

98 1744 141 1825 ²51,-
160 1759 169 1788 ‘
186 1747 233 1811 At
249 1757 297 1823 tu,
316 1746 439 1827 funesti
456 1768 499 1810 ne
516 1747 657 1826 simtibi
675 1747 824 1829 muneris
842 1759 972 1825 auctor,

112 1865 206 1928 nate,
225 1874 323 1949 cave,
341 1836 423 1917 dum
439 1874 561 1939 resque
579 1852 670 1929 sinit,
688 1863 747 1916 tua
767 1854 901 1940 corrige
917 1838 1014 1938 vota.-

113 1960 245 2026 scilicet
260 1970 296 2024 ut
312 1971 426 2024 nostro
443 1961 599 2047 genitum
615 1971 648 2024 te
665 1959 834 2047 sanguine
851 1961 986 2036 credas
1133 1996 1170 2052 90

70 2084 73 2089 ’
113 2067 260 2154 pignora
277 2078 368 2131 certa
386 2067 492 2152 petis:
518 2067 561 2132 do
579 2066 724 2154 pignora
742 2078 833 2131 certa
850 2068 1015 2151 tirpendO,

100 2186 146 2244 .et
162 2173 272 2259 patrio
288 2184 384 2259 pater
397 2194 476 2238 esse
495 2158 585 2238 metu
603 2175 738 2270 probor.
789 2172 919 2260 Aspice
935 2175 1049 2240 vultus

113 2302 195 2345 ecce
212 2290 327 2346 m'eos:
352 2280 552 2366 utinamque
569 2265 686 2344 oculos
704 2280 738 2344 in
757 2292 895 2366 pectora
912 2302 1032 2367 posses

23 2467 26 2473 Ι
112 2387 275 2463 inserere,
294 2399 327 2451 et
344 2388 471 2472 patrias
489 2388 578 2451 intus
596 2386 948 2472 deprenderecurasl
1043 2399 1045 2402 ’

90 2474 261 2580 ·-·denique
277 2494 441 2580 quicquid
460 2496 562 2558 habet
579 2495 675 2576 dits-es
689 2493 949 2581 (circumspice)
965 2496 1127 2572 mundus,

41 2664 44 2669 .
82 2646 86 2653 »
104 2621 200 2687 eque
216 2612 264 2664 tot
280 2598 323 2665 ac
337 2600 439 2664 tantis
457 2594 543 2665 caeli
560 2611 740 2686 terraeque
757 2601 930 2687 marisque

77 2742 80 2747 ·
110 2728 216 2793 posce
232 2707 331 2772 bonis
349 2707 499 2794 aliquid:
525 2708 655 2771 nullam
673 2708 802 2793 patiere
819 2708 1007 2792 repulsam..

110 2817 279 2903 deprecor
295 2818 362 2883 hoc
377 2809 498 2892 unum,
517 2817 609 2904 quod
624 2838 707 2881 vero
724 2800 862 2890 nomine
880 2822 1005 2901 poena,

110 2945 180 2988 non
197 2925 307 2989 honor
323 2935 394 2989 est:
412 2945 573 3010 poenam,
592 2923 786 2998 Phaethon,
802 2946 863 3009 pro
880 2943 1023 3012 mppere
1036 2884 1185 3015 poscisl}

40 3038 44 3047 '
109 3030 193 3116 quid
211 3037 287 3094 mea
304 3032 393 3096 colla
410 3044 504 3096 tenes
520 3031 668 3107 blandis,
688 3032 822 3117 ignare,
841 3029 1007 3108 lacertis?
1104 3060 1165 3101 roo

90 3157 154 3215 ¹ne
171 3133 300 3225 dubita,
319 3137 660 3224 dabitur-Stygias
679 3137 869 3225 juravimus
886 3119 1075 3201 undasl-
1095 3138 1136 3203 ab

110 3245 350 3331 quodcumque
367 3245 515 3329 optaris:
540 3245 652 3309 sed‘tu
669 3243 854 3328 sapientius
871 3243 975 3328 opta.’

154 3349 307 3415 Finierat
324 3351 489 3426 monitus;
516 3351 614 3416 dictis
629 3349 745 3414 tamen
762 3350 819 3425 ille
835 3360 1019 3436 repugnat,

65 3442 69 3449 ⁴
109 3446 388 3543 propositumque
404 3457 539 3543 premit,
557 3457 750 3544 flagratque
767 3456 927 3540 cupidine
944 3476 1077 3520 currus
1174 3498 1180 3510 ·

109 3582 193 3651 ergo
210 3544 279 3651 quit
294 3564 401 3638 licuit,
421 3564 555 3651 genitor
571 3573 761 3642 cunctatus
781 3564 824 3626 ad
842 3563 927 3627 altos
1112 3592 1161 3651 103

109 3669 247 3737 deducit
258 3664 435 3761 juvenem,
454 3669 627 3735 Vulcania
644 3676 800 3744 munera,
819 3690 952 3733 currus.

108 3796 234 3843 aureus
248 3776 326 3842 axis
343 3787 428 3865 erat,
446 3788 538 3843 temo
555 3798 692 3852 aureus,
710 3797 816 3842 aurea
834 3795 991 3840 summae

107 3874 290 3977 curvatura
304 3884 410 3961 rotae,
427 3883 603 3951 radiorum
621 3896 812 3978 argenteus
828 3885 931 3955 ordo.
954 3943 957 3948 ,
