2490 4208
102 178 139 230 ν,
154 175 231 247 600]
411 157 483 222 Tae
512 157 598 222 Tale
621 159 669 242 of
681 156 871 223 Arethusa.
1112 169 1169 248 57¹

103 375 183 417 cum
200 365 307 417 matre
324 364 375 417 est
390 353 542 428 totidem,
559 353 699 417 totidem
717 374 795 416 cum
812 352 960 439 conjuge
978 373 1124 440 menses.

102 459 243 522 vertitur
259 460 431 542 extemplo
448 459 554 523 facies
571 471 604 522 et
621 459 743 521 mentis
760 469 793 521 et
808 458 897 521 oris:

102 585 184 630 nam
202 567 303 629 modo
319 585 409 650 quae
425 575 557 648 poterat
572 564 643 629 Diti
658 584 795 649 quoque
814 575 942 628 maesta
958 564 1080 639 videri,

101 671 193 734 laeta
210 671 296 735 deae
312 670 405 735 frons
422 681 493 744 est3
518 681 555 734 ut
571 670 635 744 sol,
654 670 711 755 qui
727 681 837 734 tectus
854 669 992 755 aquosis
1102 701 1154 757 570

101 777 249 841 nubibus
268 787 344 841 ante
361 777 434 851 suit,
453 776 550 841 victis
567 798 586 840 e
604 776 750 841 nubibus
767 776 847 839 exit.

147 882 267 969 Exigit
282 885 373 947 alma
390 881 510 958 Ceres,
529 880 746 947 nata'secura
765 892 916 968 recepta,

100 1009 190 1075 quae
206 988 265 1053 tibi
282 1009 387 1054 causa
404 989 520 1076 fugae,
541 1009 601 1054 cur
618 989 677 1064 sis,
695 987 883 1064 Arethusa,
901 1010 1001 1055 sacer
1016 987 1115 1055 sons?

100 1094 295 1159 conticuere
311 1096 447 1159 undae:
472 1116 618 1180 quarum
635 1095 701 1159 dea
718 1095 852 1159 sustulit
869 1096 937 1159 alto

99 1201 192 1266 fonte
210 1212 324 1286 caput,
343 1201 537 1288 viridesque
556 1222 660 1265 manu
676 1201 804 1265 siccata
821 1201 965 1286 capillos
1100 1231 1151 1289 575

98 1307 251 1371 fluminis
268 1307 343 1371 Elei
360 1318 492 1372 veteres
509 1308 659 1372 narravit
676 1329 832 1373 amores:

100 1413 211 1478 ‘Pars
227 1435 293 1501 ego
310 1414 555 1500 nympharum,
574 1435 662 1500 quae
678 1414 807 1479 suntin
823 1413 1010 1492 Achaide‚'
1027 1414 1125 1492 dixit,

99 1532 192 1585 ‘una
210 1521 278 1596 sui3
303 1541 368 1586 nec
385 1541 440 1585 me
456 1521 639 1586 studiosius
657 1522 762 1586 altera
780 1523 885 1588 saltus

96 1627 194 1716 legit,
214 1648 279 1691 nec
296 1628 407 1713 posuit
423 1627 605 1692 studiosius
623 1628 728 1692 altera
745 1642 871 1693 casses.

89 1736 159 1800 sed
175 1734 334 1820 quamvis
350 1733 479 1798 formae
496 1755 683 1819 numquam
701 1735 784 1798 mihi
800 1736 892 1799 sama
910 1735 1013 1821 petita
1030 1747 1093 1814 est,

95 1841 256 1929 quamvis
273 1839 366 1906 sortis
383 1861 490 1915 eram,
511 1841 680 1906 formosae
696 1862 820 1906 nomen
839 1843 1023 1908 habebam.

96 1968 163 2013 nec
180 1968 257 2011 mea
275 1967 329 2011 me
345 1946 452 2012 facies
469 1947 611 2011 nimium
628 1948 766 2013 laudata
779 1948 942 2035 juvabat:

94 2076 233 2142 quaque
252 2053 340 2118 aliae
356 2055 509 2140 gaudere
525 2055 648 2129 solent,
666 2075 732 2141 ego
749 2055 874 2120 rustica
891 2057 970 2121 dote

95 2162 250 2246 corporis
266 2160 399 2236 erubui,
419 2160 615 2247 crimenque
632 2163 770 2246 placere
786 2162 915 2245 putavi.

141 2269 278 2335 ‘Lassa
295 2268 502 2342 revertebar,
522 2267 675 2343 memini,
695 2267 936 2354 Stymphalide
953 2270 1061 2336 silva:
1097 2291 1147 2361 585

94 2389 211 2444 aestus
227 2389 312 2456 erat,
331 2397 566 2466 magnumque
583 2376 680 2440 labor
696 2376 931 2463 geminaverat
949 2391 1093 2443 aestum.

92 2485 233 2551 invenio
250 2485 323 2551 sine
339 2485 465 2551 vertice
482 2505 603 2571 aquas,
627 2482 700 2548 sine
718 2504 890 2548 murmure
906 2495 1040 2561 eunteS,

92 2593 295 2679 perspicuas
311 2595 356 2661 ad
372 2595 528 2670 humum,
548 2615 609 2679 per
624 2613 710 2680 quas
726 2593 949 2660 numerabilis
966 2594 1033 2660 alte

92 2700 248 2765 calculus
265 2700 375 2766 omnis
388 2712 472 2776 erat,
490 2721 576 2787 quas
592 2712 629 2765 tu
644 2700 703 2765 vix
718 2700 768 2765 ire
784 2712 933 2785 putares.

89 2828 182 2872 cana
199 2808 319 2873 salicta
330 2809 461 2873 'dabant
476 2809 667 2895 nutritaque
684 2809 831 2894 populus
848 2808 940 2873 unda
1095 2841 1146 2896 590

92 2925 216 2999 sponte
231 2935 294 2979 sua
310 2925 409 2980 natas
427 2915 508 3000 ripis
525 2915 714 2980 declivibus
729 2915 878 2980 umbras.
982 2972 996 2992 ,

93 3021 238 3096 accessi,
258 3023 473 3110 primumque
490 3023 587 3108 pedis
603 3021 748 3109 vestigia
764 3021 862 3097 tinxi,
946 3082 949 3087 .

91 3127 221 3212 poplite
239 3127 362 3194 deinde
378 3140 497 3204 tenus3
522 3153 634 3218 neque
655 3151 696 3193 eo
712 3140 884 3205 contenta,
901 3129 1073 3218 recingor,

92 3237 279 3324 molliaque
296 3238 435 3323 impono
452 3237 548 3304 salici
563 3237 738 3302 velamina
757 3259 897 3313 curvae,

92 3343 256 3430 nudaque
268 3363 410 3431 mergor
427 3344 544 3430 aquis3
570 3364 655 3429 quas
672 3344 753 3408 dum
772 3343 923 3430 ferioque
939 3345 1105 3432 trahoque

93 3449 187 3514 mille
204 3450 314 3515 modis
330 3451 462 3526 labens,
481 3471 695 3536 excussaque
712 3450 873 3514 bracchia
886 3450 991 3538 jact0,

92 3555 318 3644 nescioquod
335 3557 448 3622 medio
465 3555 555 3620 sensi
573 3556 636 3621 sub
652 3557 789 3642 gurgite
807 3578 972 3630 murmur,

91 3662 277 3750 territaque
293 3662 411 3728 insisto
428 3662 594 3748 propioris
611 3662 768 3749 margine
784 3663 892 3746 ripae.

93 3767 175 3852 ,Quo
185 3775 376 3855 properas
393 3766 600 3833 Arethusa?
616 3768 686 3832 suis
702 3767 859 3853 Alpheus
877 3768 1054 3844 abundis,

93 3873 176 3959 ,Quo
183 3872 390 3963 properas?
399 3874 520 3940 iterum
537 3896 645 3943 rauco
664 3876 751 3944 mihi
767 3878 912 3947 dixerat
925 3899 1003 3945 ote.
1116 3891 1177 3943 suo
