2490 4208
102 181 154 264 ..56
379 180 451 245 The
484 180 702 265 Wundera'ng
719 181 768 264 of
785 180 902 244 Ceres.
1015 190 1162 268 [Mem.

156 374 321 448 Dixerat3
347 385 381 439 at
396 373 516 440 Cereri
533 386 663 440 certum
681 384 731 439 est
748 375 895 439 educere
911 380 1027 439 natam
1040 358 1056 436 ι’

110 504 179 548 non
196 482 242 545 ita
260 483 328 545 sata
345 481 473 556 sinunt,
492 481 655 567 quoniam
668 479 800 567 jejunia
816 480 929 566 virgo·
996 515 999 519 ·

111 591 271 666 solverat,
291 597 324 652 et
341 587 439 651 cultis
456 588 539 652 dum
556 586 705 672 simplex
722 598 813 650 errat
828 586 864 649 in
881 585 1000 661 hortis,
1113 615 1163 674 535

111 697 313 782 poeniceum
330 715 436 759 curva
454 694 672 778 decerpserat
689 693 809 757 arbore
826 706 981 777 pomum,
1025 702 1027 707 ·

111 815 313 889 sumptaque
330 799 472 888 pallenti
489 810 621 884 septem
639 799 682 865 de
700 798 825 863 cortice
842 816 952 884 grana

110 921 282 995 presserat
296 931 355 974 ore
372 930 447 974 suo.
497 905 667 991 Solusque
685 926 729 969 ex
745 904 909 970 omnibus.
920 903 1005 969 illud

41 1096 46 1107 ¹
109 1015 329 1101 Ascalaphus
344 1015 440 1094 vidit,
455 1034 557 1100 quem
575 1012 747 1100 quondam
764 1010 887 1075 dicitur
902 1009 1061 1095 Orphhe,

110 1122 197 1187 inter
213 1122 404 1187 Avernales
422 1122 515 1186 haud
532 1118 745 1206 ignotissima
763 1119 948 1203 nymphae,
1112 1147 1164 1203 540

111 1251 155 1293 ex
172 1228 368 1294 Acheronte
385 1250 447 1294 suo
464 1227 558 1292 silvis
576 1224 750 1312 peperisse
768 1225 831 1288 sub
849 1223 950 1288 atris:

97 1335 206 1411 uidit,
225 1333 260 1400 et
273 1335 399 1401 indicio
412 1335 559 1401 ¹red-itum
577 1331 728 1399 crudelis
743 1331 881 1396 ademit.

110 1441 278 1530 ingemuit
294 1441 414 1529 regina
431 1441 548 1517 Erebi,
565 1452 754 1524 testemque
771 1437 951 1522 profanam

110 1548 190 1612 fecit
206 1569 318 1623 avem,
336 1569 560 1634 sparsumque
577 1557 680 1632 caput
696 1543 985 1630 Phlegethontide
1001 1544 1147 1631 lympha

110 1654 145 1718 in
163 1658 306 1718 rostru'm
324 1665 356 1719 et
372 1654 506 1739 plumas
524 1652 718 1740 etgrandia
735 1650 865 1715 lurrrin'a
881 1650 993 1715 vertit.
1111 1680 1162 1736 545

109 1756 167 1823 ille
185 1758 248 1823 sibi
266 1758 397 1823 ablatus
415 1757 515 1822 fulvis
533 1757 689 1821 amicitur
706 1756 749 1820 ab
766 1754 842 1828 alis,

109 1864 213 1949 inque
230 1874 331 1949 caput
348 1864 481 1939 crescit,
499 1865 691 1953 longosque
708 1861 891 1927 reflectitur
907 1880 1059 1948 ungues,

109 1971 236 2063 vixque
255 1980 365 2034 movet
382 1980 480 2034 natas
496 1991 559 2056 per
574 1970 696 2035 inertia
713 1969 876 2034 bracchia
893 1990 1047 2055 pennas:

107 2077 278 2163 foedaque
294 2077 331 2140 fit
347 2076 508 2153 volucris,
527 2075 659 2142 venturi
678 2077 796 2141 nuntia
811 2076 936 2153 luctus,

109 2181 256 2272 ignavus
273 2183 377 2258 bub0‚
397 2183 507 2248 dirum
525 2184 724 2249 mortalibus
742 2205 855 2249 omen.
1110 2196 1164 2272 35'0

156 2290 224 2354 Hic
240 2301 354 2355 tamen
370 2290 496 2356 indicio
513 2312 661 2376 poenam
677 2291 864 2377 linguaque
880 2290 990 2377 videri

109 2397 353 2462 commeruisse
369 2407 491 2482 potest.
540 2396 663 2472 Vobis,
682 2396 906 2478 Acheloides,
923 2402 1016 2468 unde

109 2502 226 2588 pluma
242 2504 415 2589 pedesque
432 2503 561 2578 avium,
579 2523 658 2568 cum
675 2503 818 2590 virginis
836 2526 896 2570 ora
911 2500 1064 2594 'g'eratisi

110 2630 154 2674 an
170 2610 263 2701 quia,
281 2629 361 2674 cum
378 2609 508 2699 legeret
523 2630 646 2674 vernos
664 2608 870 2697 Proserpina
886 2611 1002 2689 fiores,

109 2714 144 2780 in
161 2716 323 2780 comitum
338 2736 494 2791 nurnero,
513 2716 633 2780 do'ctae
651 2714 805 2792 Sirenes,
824 2716 949 2785 eratis?

108 2843 212 2908 quam
229 2832 408 2907 postquam
421 2832 492 2887 toto
507 2821 631 2886 frustra
648 2825 828 2910 quaesistis
845 2820 992 2903 inorbe,

109 2928 314 3015 protinusut
330 2940 478 2993 vestram
496 2929 658 2994 sentirent
677 2953 827 3019 aequora
844 2928 977 3007 curam,

109 3056 209 3120 posse
226 3055 327 3119 super
342 3032 465 3099 fluctus
482 3035 614 3100 alarum
631 3038 785 3104 insistere
801 3038 904 3104 remis
987 3062 990 3067 ·

109 3140 261 3227 optastis,
279 3141 465 3228 facilesque
482 3145 565 3211 deos
582 3147 757 3219 habuistis,
776 3160 809 3214 et
825 3158 918 3213 artus

109 3236 239 3314 vidistis
254 3259 384 3312 vestros
401 3250 518 3315 subitis
535 3251 722 3319 flavescere
739 3255 872 3340 pennis.
1111 3270 1165 3341 560

110 3375 154 3418 ne
169 3365 283 3420 tamen
299 3356 357 3421 ille
375 3381 480 3427 canor
498 3363 698 3426 mulcendas
715 3375 814 3426 natus
832 3362 875 3427 ad
893 3382 994 3427 aures

109 3470 269 3549 tantaque
287 3464 348 3530 dos
364 3469 432 3533 oris
449 3469 589 3554 linguae
607 3468 939 3553 deperderet'usdm,

109 3569 254 3656 virginei
271 3574 384 3638 vultus
401 3585 434 3639 et
449 3597 517 3639 vox
535 3576 686 3638 humana
701 3574 877 3639 remansit.
1044 3558 1050 3564 ”

154 3676 201 3741 At
218 3680 349 3745 medius
367 3681 545 3766 fratrisque
562 3681 613 3746 sui
632 3693 850 3767 maestaeque
867 3679 993 3746 so'roris

104 3785 263 3873 Juppiter
280 3810 323 3852 ex
340 3808 449 3873 aequo
464 3787 658 3852 volventem
675 3786 795 3852 dividit
812 3806 952 3851 annum.

94 3913 194 3957 nunc
208 3895 288 3970 dea,
308 3914 498 3983 regnorum
517 3914 647 3960 numen
663 3914 846 3960 commune
862 3893 1022 3969 duorum,
