2490 4208
103 185 149 260 54
365 168 437 237 The
470 169 688 303 Wundering
706 170 755 254 os
772 167 889 293 Cares.
1011 186 1154 258 [Marna.

101 344 194 432 venit
210 377 243 432 et
259 367 303 432 ad
320 364 477 453 Cyanen.
524 360 628 457 Ea}ni
646 375 774 430 mutata
791 365 922 440 suisset,
1100 384 1155 454 463

102 474 217 539 omnia
234 470 425 547 narrasset;
450 473 512 537 sed
529 482 562 537 et
576 493 616 538 os
631 482 665 537 et
680 471 801 560 lingua
817 471 944 537 volenti

102 578 216 643 dicere
233 600 301 642 non
319 579 474 653 aderant,
493 598 557 642 nec
573 599 641 664 quo
657 578 865 664 loqueretur,
884 577 1045 645 habebat.

102 684 203 772 signa
218 695 333 749 tamen
351 683 531 749 manifesta
548 683 653 758 dedit,
672 694 857 770 notamque
873 684 1020 770 parenti,

101 791 161 858 illo
177 791 261 856 forte
278 791 355 856 loco
371 791 547 876 delapsam
563 790 599 855 iu
615 789 753 878 gurgite
769 810 881 866 sacro,

102 895 341 982 Persephones
358 917 480 961 zonam
497 896 640 962 summis
657 878 803 962 ostendit
818 895 854 961 in
870 896 984 964 undis.
1100 927 1156 984 470

101 1024 205 1090 quarn
222 1002 324 1068 simul
342 1002 494 1090 agnovit,
512 1014 688 1089 tamquam
703 1012 785 1067 tunc
801 1001 950 1090 denique
966 1014 1101 1090 raptam

101 1109 233 1184 scisset,
250 1107 424 1174 inornatos
441 1107 582 1173 laniavit
597 1107 677 1174 diva
695 1106 851 1193 capillos,

101 1228 134 1282 et
150 1215 292 1302 repetita
309 1215 379 1280 suis
396 1213 565 1301 percussit
579 1224 717 1300 pectora
733 1214 871 1301 palmis.

100 1322 210 1388 nescit
226 1322 340 1387 adhuc
356 1321 413 1386 ubi
431 1320 493 1396 sit3
518 1331 626 1387 terras
642 1330 756 1385 tamen
774 1320 929 1407 increpat
944 1342 1079 1400 omnes,

100 1428 322 1516 ingratasque
337 1437 448 1503 vocat,
467 1448 532 1494 nec
548 1427 687 1515 frugum
705 1448 846 1492 munere
863 1426 1009 1515 dignas:
1098 1458 1152 1517 473

99 1533 317 1600 Trinacriam
335 1545 414 1600 ante
430 1533 529 1610 alias,
547 1533 582 1599 in
599 1554 667 1620 qua
683 1532 828 1620 vestigia
844 1532 963 1599 damni

100 1640 259 1727 repperit.
307 1639 403 1728 Ergo
417 1639 489 1706 illic
504 1660 609 1705 saeva
625 1638 790 1705 vertentia
806 1639 927 1727 glebas

99 1745 203 1834 fregit
219 1756 330 1811 aratra
349 1767 468 1820 manu,
487 1745 654 1832 parilique
669 1744 756 1810 irata
772 1746 912 1812 colonos

100 1853 333 1940 ruricolasque
348 1853 455 1918 boves
471 1853 538 1919 leto
556 1851 661 1928 dedit,
680 1872 831 1939 arvaque
843 1852 944 1941 jussit

99 1958 220 2024 fallere
236 1958 442 2045 depositum,
460 1958 644 2045 vitiataque
660 1958 793 2023 semina
809 1959 900 2025 fecit.
1098 1979 1154 2045 480

100 2064 253 2131 fertilitas
269 2075 380 2158 terrae
396 2064 502 2131 latum
518 2064 661 2152 vulgata
677 2085 739 2163 per
754 2064 880 2137 orbem¹

99 2155 188 2235 salsa
200 2164 313 2258 jacetr
338 2163 458 2256 primis
474 2156 610 2259 segetes
628 2154 817 2236 moriuntur
832 2171 867 2236 in
885 2170 1013 2248 herbis,

100 2288 134 2342 et
149 2277 251 2342 modo
267 2276 318 2342 sol
334 2276 473 2352 nimius,
492 2276 618 2343 nimius
634 2277 737 2343 modo
753 2275 891 2363 corripit
906 2276 1015 2343 imber
1029 2299 1038 2359 ;

100 2381 281 2470 sideraque
297 2382 459 2471 ventique
475 2394 612 2459 nocent,
631 2382 822 2469 avidaeque
837 2383 996 2451 volucres

100 2489 232 2553 semina
244 2488 339 2577 jacta
355 2489 496 2578 legunt3
520 2490 638 2555 lolium
655 2488 836 2576 tribulique
853 2489 999 2578 fatigant
1097 2508 1152 2578 483

100 2593 249 2661 triticeas
266 2616 408 2670 messes,
427 2606 460 2663 et
475 2595 748 2683 inexpugnabile
764 2615 923 2683 gramen.

144 2701 236 2768 Turn
254 2714 358 2789 caput
372 2703 467 2770 Eleis
483 2702 652 2789 Alpheias
668 2703 786 2769 extulit
800 2703 914 2781 undis,

99 2820 319 2896 rorantesque
336 2829 454 2876 comas
471 2831 492 2876 a
507 2810 617 2877 sronte
633 2811 778 2877 removit
793 2811 837 2878 ad
854 2832 967 2890 aures,

100 2925 202 3001 atque
219 2914 286 2980 ait:
313 2914 368 2981 ‘O
384 2925 453 2982 toto
468 2916 643 3004 quaesitae
659 2917 804 3005 virginis
820 2918 902 2984 orbe

98 3032 132 3085 et
147 3021 286 3109 frugum
303 3021 465 3108 genitrix,
484 3023 669 3091 immensos
685 3024 765 3090 siste
781 3024 929 3102 labores,
1095 3055 1151 3114 490

98 3147 185 3192 neve
202 3127 262 3193 tibi
278 3129 368 3194 fidae
384 3129 534 3195 violenta
551 3129 699 3196 irascere
715 3141 848 3196 terrae:

98 3243 189 3298 terra
206 3233 291 3299 nihil
309 3235 444 3311 meruit,
463 3235 638 3322 patuitque
654 3235 760 3302 invita
777 3237 933 3323 rapinae.

98 3360 164 3405 nec
179 3362 255 3406 sum
273 3362 335 3427 pro
350 3340 460 3428 patria
477 3343 644 3428 supplex3
669 3343 738 3408 huc
754 3342 888 3427 hospita
903 3343 1002 3408 veni:

21 3456 35 3527 3,
97 3443 179 3512 Pisa
196 3446 279 3511 mihi
296 3447 405 3533 patria
423 3458 485 3524 est,
504 3458 538 3514 et
554 3448 597 3513 ab
614 3447 715 3513 Elide
731 3446 888 3514 ducimus
905 3461 1009 3515 ortus.

26 3562 30 3581 ¹
98 3549 274 3617 Sicaniam
292 3553 474 3641 peregrina
491 3554 581 3628 colo,
599 3552 660 3619 sed
677 3553 807 3640 gratior
821 3553 917 3619 omni
1077 3542 1148 3641 '495

27 3656 39 3707 '¹-
98 3657 186 3723 haec
201 3657 284 3722 mihi
300 3668 390 3723 terra
402 3659 475 3725 solo
492 3669 554 3724 est.
604 3657 679 3724 Hos
692 3680 786 3724 nunc
798 3657 971 3726 Arethusa
988 3672 1147 3745 penates,

96 3762 190 3828 hunc
206 3763 317 3829 habeo
333 3764 471 3838 sedem;
496 3784 599 3851 quam
615 3775 664 3841 tu,
683 3764 873 3842 mitissima,
892 3787 1004 3831 serva,

65 3876 181 3939 „mota
196 3868 278 3937 loco
294 3868 452 3949 cursim,
469 3869 621 3959 tantique
638 3891 699 3957 per
715 3871 875 3959 aequoris
889 3873 1001 3938 undas
