2490 4208
95 181 137 228 22
274 180 315 226 11.
353 158 426 226 aaa
447 156 653 225 Adventare
676 158 724 244 eff
736 157 930 224 Phaethon.
1002 175 1147 248 [Merra.

94 379 157 445 per
168 357 254 446 juga
273 355 472 442 chrysolithi
490 354 689 441 positaeque
706 377 750 419 ex
766 354 886 421 ordine
903 350 1064 442 gemmae

95 466 189 530 clara
205 484 407 559 repercusso
424 463 613 526 reddebant
628 463 758 526 lumina
775 463 924 547 phoebo.
1003 527 1009 539 ,
1098 496 1149 535 110

94 572 245 657 dumque
263 591 304 633 ea
322 569 565 655 magnanimus
582 568 763 633 Phaethon
782 568 935 644 miratur,
954 590 1110 656 opusque

94 677 268 763 perspicit,
287 697 368 740 ecce
385 676 469 762 vigil
486 676 585 741 rutilo
603 675 762 760 patefecit
779 676 822 739 ab
839 686 914 763 ortu

94 801 290 869 purpureas
301 781 437 847 Aurora
454 782 544 846 fores
561 794 595 846 et
610 783 712 867 plena
729 803 884 845 rosarum

94 890 200 963 atria;
226 890 409 976 diffugiunt
426 890 557 964 stellae,
576 909 720 975 quarum
737 888 879 975 agmina
896 888 989 977 cogit

93 997 247 1073 Lucifer,
266 1008 300 1063 et
316 997 402 1062 caeli
419 997 564 1061 statione
580 995 786 1061 novissimus
803 995 884 1061 exit.
1059 1064 1067 1077 μ
1097 1030 1126 1069 11
1132 1028 1146 1085 ς

140 1103 242 1202 Qae
258 1114 373 1189 petere
390 1114 427 1167 ut
442 1115 560 1178 terras,
578 1102 812 1188 mundumque
830 1104 1011 1170 rubescere
1027 1088 1125 1182 vidit,
1196 1086 1199 1092 ⁵

93 1230 291 1297 cornuaque
308 1221 482 1274 extremae
499 1210 593 1273 velut
608 1229 815 1274 evanescere
832 1210 949 1286 lunae,

89 1317 237 1404 jungere
255 1338 360 1403 equos
376 1316 481 1380 Titan
499 1315 674 1380 velocibus
690 1315 838 1400 imperat
855 1315 972 1382 Horis.

88 1423 186 1512 jussa
204 1425 290 1505 deae
307 1424 436 1487 celeres
453 1432 636 1509 peragunt,
655 1422 841 1510 ignemque
857 1435 1047 1502 vomentes,

93 1531 286 1596 ambrosiae
303 1551 385 1595 suco
403 1542 547 1603 saturos,
567 1529 790 1614 praesepibus
808 1530 885 1596 altis
1095 1565 1147 1605 120

92 1638 333 1725 quadrupedes
350 1637 491 1711 ducunt,
511 1637 707 1722 adduntque
724 1638 881 1701 sonantia
899 1638 1007 1705 frena.

90 1730 163 1808 turn
181 1755 277 1828 pater
293 1763 354 1808 ora
369 1743 421 1806 sui
438 1763 536 1806 sacro
553 1743 779 1828 medicamine
796 1744 866 1809 nati

91 1849 245 1937 contigit,
265 1860 299 1914 et
314 1849 456 1933 rapidae
473 1848 552 1913 secit
569 1848 731 1933 patierat-ia
746 1849 921 1926 flammae,

90 1955 318 2042 imposuitque
335 1962 456 2020 co'mae
471 1954 597 2030 radios,
616 1976 854 2043 praesagaque
871 1957 982 2024 luctas

90 2074 228 2149 pectore
246 2062 391 2127 sollicito
408 2072 566 2146 repetens
584 2062 729 2151 suspiria
747 2063 854 2129 dixit:
1087 2053 1143 2152 ⁷1²5

137 2167 201 2234 ‘Si
218 2180 314 2253 potes
331 2169 385 2235 his
401 2169 522 2257 saltem
540 2157 675 2233 monitis
692 2191 813 2254 parere
829 2170 995 2255 pateram,
1017 2190 1020 2197 ·

24 2326 29 2337 .
88 2295 206 2361 parce,
225 2297 323 2361 puer,
342 2275 499 2350 stimulis,
518 2285 552 2339 et
568 2274 685 2356 fortius
702 2287 796 2341 utere
814 2276 907 2363 loris.

89 2392 210 2467 sponte
227 2402 288 2446 sua
306 2391 510 2467 properant3
535 2382 633 2463 labor
649 2393 699 2446 est
714 2382 870 2449 inhibere
886 2385 1053 2451 volentes.

88 2509 155 2554 nec
170 2488 228 2552 tibi
246 2488 391 2573 directos
408 2488 542 2573 placeat
557 2488 612 2552 via
629 2490 779 2574 quinque
796 2510 858 2574 per
874 2512 983 2557 arcus.

88 2607 201 2661 sectus
217 2595 252 2657 in
270 2595 445 2680 obliquum
463 2606 514 2658 est
530 2595 598 2659 lato
615 2595 813 2660 curvamine
830 2595 943 2680 limes,
1091 2630 1143 2684 ¹30

19 2750 23 2765 r
85 2722 321 2787 zonarumque
337 2700 438 2764 trium
457 2711 634 2765 contentus
651 2702 732 2776 fine,
752 2703 939 2789 polumque
1056 2776 1059 2781 ,

87 2807 209 2895 effugit
226 2809 423 2882 australem,
438 2808 660 2895 junctamque
678 2809 893 2894 aquilonibus
910 2804 1057 2911 Arctoni

87 2916 155 2981 hac
171 2916 213 2981 sit
228 2916 311 2979 iter:
337 2915 515 2978 manifesta
532 2924 625 2979 rotae
640 2914 787 3001 vestigia
803 2935 934 2981 cernes.

33 3056 38 3065 ·
86 3037 190 3110 utque
207 3023 318 3087 serant
334 3043 462 3109 aequos
478 3032 511 3085 et
528 3022 662 3085 caelum
680 3014 713 3085 et
727 3034 818 3086 terra
835 3024 979 3101 calores,
1026 3106 1030 3117 ἱ

87 3152 152 3195 nec
168 3151 299 3216 preme,
318 3151 382 3194 nec
399 3151 572 3194 summum
589 3128 709 3194 molire
725 3150 787 3214 per
803 3129 943 3195 aethera
959 3151 1110 3197 currum.

88 3225 188 3302 altius
205 3260 365 3324 egressus
383 3239 542 3302 caelestia
559 3248 647 3301 tecta
664 3236 846 3314 cremabiS,

85 3344 227 3409 inferius
245 3355 372 3409 terras:
398 3345 511 3408 medio
527 3344 714 3409 tutissimus
732 3343 806 3425 ibis.

77 3428 154 3559 aqu
171 3463 203 3515 te
220 3451 391 3527 dexterior
406 3461 528 3514 tortum
547 3451 695 3515 declinet
712 3452 755 3515 ad
772 3449 951 3538 Anguem,

74 3576 173 3623 ¹neve
190 3557 376 3622 sinisterior
392 3577 546 3641 pressam
563 3567 636 3621 rota
653 3557 756 3622 ducat
772 3558 816 3622 ad
832 3556 964 3649 Aram:
1077 3636 1080 3643 ,

85 3661 368 3748 interutrumque
385 3674 475 3726 tene.
524 3662 696 3728 Fortunae
712 3674 826 3728 cetera
843 3665 983 3747 mando,
1035 3718 1039 3723 .
1086 3696 1138 3751 ιφ

85 3791 174 3856 quae
189 3770 283 3856 juvet
298 3781 332 3833 et
348 3770 470 3834 melius
486 3791 588 3855 quam
606 3780 641 3833 tu
658 3770 730 3844 tibi,
749 3773 906 3863 consu-lat
921 3782 1013 3859 opto.

75 3876 161 3936 dam
175 3877 312 3961 loquor,
332 3875 506 3961 Hesperio
520 3875 650 3962 positas
665 3874 702 3940 iu
717 3876 815 3943 litore
831 3889 941 3945 metas
1012 3952 1016 3957 ,
