2490 4208
120 188 166 253 62
346 185 419 293 Tlte
439 185 531 254 Sons
554 189 603 273 of
614 185 732 255 Niobe
753 208 818 252 are
838 186 944 253 slarh.
987 150 989 155 Ι
1025 206 1176 279 [Meam.

166 382 356 474 Adjectura
371 405 491 470 preces
507 394 581 449 erat
595 383 650 449 his
666 382 802 450 Latona
816 383 956 451 relatis:

121 490 254 557 Desine
269 489 430 556 Phoebus
447 490 513 565 ait3
531 497 669 577 poenae
684 511 783 554 ruera
798 491 906 577 longa
921 491 1079 578 querella
1095 501 1158 559 est.

122 597 207 663 dixit
223 597 313 663 idem
329 595 492 670 Phoebe3
515 595 687 683 celerique
704 617 765 681 per
781 596 978 682 aera-lapsu

122 703 337 792 contigerant
350 701 429 768 tecti
445 700 640 767 Cadmeida
656 702 803 767 nubibus
821 723 948 767 arcem.

122 811 247 896 planus
262 819 334 875 erat
348 809 485 895 lateque
501 819 622 893 patens
640 829 747 892 prope
763 808 900 874 moenia
917 828 1076 896 campus,

123 916 275 981 adsiduis
291 916 444 1000 pulsatus
462 914 573 1001 equis,
591 912 650 978 ubi
666 915 765 979 turba
782 925 933 979 rotarum

123 1022 277 1109 duraque
293 1021 461 1088 mollierat
476 1021 647 1108 subjectas
663 1021 796 1108 ungula
813 1021 947 1108 glebas
1122 1055 1177 1096 220

167 1128 254 1195 Pars
269 1129 315 1193 ibi
333 1127 375 1194 de
392 1139 521 1214 septem
539 1126 665 1215 genitis
681 1125 880 1212 Amphione
897 1127 1000 1195 fortes

123 1235 357 1301 conscendunt
371 1235 406 1299 in
423 1255 541 1321 equos,
559 1232 736 1321 Tyrioque
752 1234 909 1301 rubentia
924 1256 1008 1302 suco

121 1352 220 1429 terga
237 1351 406 1426 premunt,
424 1361 576 1427 auroque
592 1361 718 1428 graves
735 1341 955 1407 moderantur
970 1342 1150 1410 habenasr

122 1469 142 1514 e
158 1448 280 1535 quibus
296 1447 463 1524 Ismenos,
482 1447 539 1534 qui
555 1447 655 1512 matri
671 1446 808 1513 sarcina
823 1449 1000 1535 quondam

122 1555 232 1641 prima
248 1575 331 1619 suae
347 1552 469 1629 suerat,
487 1553 570 1619 dum
586 1565 717 1619 certum
731 1552 837 1620 flectit
852 1555 887 1619 in
904 1555 1023 1621 orbem
1120 1587 1175 1645 ²25

122 1659 353 1748 quadrupedis
369 1680 500 1736 corsua,
516 1660 782 1747 spumantiaque
797 1681 858 1726 ora
873 1666 1021 1739 co'e'rcet,

120 1765 293 1834 Eimr'lu‘!
316 1766 521 1842 conclamat,
541 1766 723 1853 medioque
740 1767 775 1832 in
792 1779 930 1853 pectore
946 1768 1018 1834 fixa

119 1874 188 1939 tela
205 1872 305 1960 gerit,
323 1872 496 1959 frenisque
513 1893 617 1937 manu
634 1872 800 1939 moriente
816 1873 981 1951 remissis,

120 1980 155 2045 in
172 1981 260 2044 latus
276 1999 297 2043 a
314 1979 434 2044 dextro
449 1979 616 2064 paulatim
633 1979 751 2046 defluit
767 2001 876 2046 armo.

165 2085 361 2161 Proximus,
379 2085 497 2151 audito
511 2086 625 2152 sonitu
641 2107 704 2173 per
719 2086 822 2153 inane
837 2108 862 2174 p
888 2098 1036 2164 aretrae,
1120 2120 1176 2176 ²30

40 2262 44 2268 ,
121 2193 218 2259 frena
233 2193 338 2258 dabat
353 2190 519 2279 Sipylus:
542 2192 647 2258 veluti
665 2214 744 2259 cum
760 2193 937 2281 praescius
951 2193 1071 2262 imbris

122 2301 212 2366 nube
229 2298 318 2388 sugit
332 2299 420 2374 visa,
438 2299 693 2387 pendentiaque
708 2299 861 2388 undique
875 2311 989 2368 rector

15 2390 19 2395 ⁸
117 2406 266 2500 carbasa
282 2404 431 2482 deducit,
450 2426 494 2470 ne
510 2426 579 2491 qua
594 2405 681 2471 levis
696 2406 814 2470 effluat
827 2424 926 2471 aura.

120 2513 216 2579 frena
232 2512 357 2578 dabat:
382 2512 522 2591 dantem
536 2533 608 2577 non
621 2511 783 2577 evitabile
798 2513 906 2577 telum

119 2619 357 2706 consequitur3
382 2638 585 2706 summaque
600 2628 751 2684 tremens
767 2618 902 2685 cervice
918 2618 1044 2708 sagitta
1119 2650 1172 2710 235

119 2726 242 2803 haesit,
260 2736 294 2791 et
308 2727 466 2791 exstabat
480 2725 612 2790 nudum
628 2725 672 2791 de
687 2736 824 2813 gutture
841 2725 992 2790 serrum.-

118 2832 188 2909 ille,
206 2843 243 2897 ut
258 2842 332 2898 erat
346 2845 488 2919 pronus,
505 2852 568 2917 per
583 2852 685 2897 crura
699 2831 852 2897 admissa
864 2831 1036 2921 jubasque

117 2939 276 3016 volvitur,
295 2950 328 3005 et
342 2938 456 3003 calido
472 2939 630 3004 tellurem
646 2938 817 3027 sanguine
832 2938 960 3004 foedat.

162 3042 373 3108 Phaedimus
389 3041 509 3106 infelix
525 3053 559 3107 et
575 3041 654 3107 aviti
669 3043 818 3108 nominis
834 3043 935 3108 heres

117 3148 299 3225 Tantalus
318 3159 355 3214 ut
370 3147 469 3214 solito
484 3148 590 3212 finem
607 3148 801 3234 imposuere
815 3147 939 3226 labori,
963 3140 966 3145 ’
1118 3183 1173 3237 ²40

117 3256 321 3321 transierant
338 3255 382 3319 ad
397 3276 485 3340 opus
501 3254 629 3320 nitidae
641 3253 794 3342 juvenile
810 3256 1025 3341 palaestraet

119 3373 153 3427 et
164 3361 236 3450 jam
253 3362 468 3427 contulerant
483 3372 558 3427 arto
574 3360 736 3426 luctantia
753 3382 846 3427 nexu

119 3481 257 3554 pectora
274 3467 488 3553 pectoribus3
514 3489 592 3533 cum
609 3477 701 3533 tento
718 3467 851 3534 concita
867 3488 987 3546 nervo,

119 3574 206 3640 sicut
220 3584 318 3639 erant
328 3574 451 3663 juncti,
469 3575 602 3663 trajecit
617 3586 798 3661 utrumque
814 3574 955 3663 sagitta.'

118 3681 319 3770 ingemuere
335 3683 457 3758 simu13
482 3683 584 3748 simul
600 3682 777 3747 incurvata
794 3681 911 3748 dolore
1117 3716 1171 3776 245

118 3790 273 3854 membra
290 3790 363 3856 solo
380 3810 545 3875 posuere3
571 3788 672 3854 simul
688 3798 850 3874 suprema
863 3788 1019 3878 jacentes

101 3893 240 3960 Iumina
260 3907 463 3963 versaruntr
486 3895 642 3965 animam
657 3894 760 3961 simul
775 3896 993 3962 exhalarunt.
1121 3888 1124 3893 ’
