2490 4208
103 197 128 252 1.
152 212 176 265 r,
192 196 265 269 nd]
436 180 610 269 Penelope
632 190 667 247 to
698 179 847 268 Ulysses.
1095 179 1158 267 165

103 373 220 463 Atque
237 375 323 443 alios
338 377 497 453 referam,
517 398 602 463 quos
618 398 739 442 omnes
754 376 896 463 turpiter
913 377 1038 443 absens

147 480 227 568 Ipse
243 493 301 549 tuo
316 482 422 568 partis
439 482 608 569 sanguine
625 484 727 555 rebus
745 481 830 548 alis?
962 488 966 493 '

103 587 178 654 Irus
196 609 302 676 egens
319 588 520 675 pecorisque
537 588 751 654 Melanthius
770 601 863 654 actor
879 590 1005 656 edendi
1124 623 1157 680 95

148 694 298 760 Ultimus
315 696 483 759 accedunt
499 694 534 759 in
551 706 609 759 tua
626 695 754 760 damna
771 697 895 781 pudor.

100 799 190 866 Tres
207 823 324 866 sumus
340 800 483 867 inbelles
499 823 656 879 numer0,
675 802 748 867 sine
765 803 894 869 viribus
913 826 1013 881 uxor,

145 906 358 993 Laertesque
374 928 495 984 senex,
513 907 815 997 Telemachusque
833 932 932 995 puer.

99 1011 163 1080 Ille
180 1034 242 1100 per
258 1013 398 1079 insidias
415 1035 527 1100 paene
544 1026 594 1079 est
611 1015 694 1078 mihi
712 1038 822 1102 nuper
840 1018 1033 1103 ademptus,

145 1120 239 1185 Dum
256 1130 354 1207 parat
370 1120 484 1186 invitis
500 1120 659 1187 omnibus
676 1122 725 1187 ire
742 1123 868 1210 Pylon.
1107 1155 1156 1195 100

99 1226 160 1303 Di,
178 1248 312 1313 precor,
332 1228 398 1293 hoc
409 1227 565 1315 jubeant,
583 1239 621 1293 ut
637 1230 795 1296 euntibus
812 1230 932 1297 ordine
949 1229 1027 1296 fatis

146 1333 209 1399 Ille
227 1356 321 1400 meos
338 1335 455 1400 oculos
473 1335 689 1421 comprimat,
710 1336 768 1401 ille
783 1348 873 1402 tuos.

99 1439 195 1506 Hinc
209 1440 340 1507 faciunt
355 1452 537 1528 custosque
553 1443 659 1507 boum
676 1443 916 1531 longaevaque
933 1443 1061 1520 nutrix,

144 1548 283 1613 Tertius
299 1547 497 1614 immundae
514 1570 597 1615 cura
614 1549 726 1615 fidelis
743 1551 861 1616 harae.

99 1652 172 1719 Sed
188 1674 299 1740 neque
315 1653 474 1730 Laertes,
492 1665 529 1720 ut
544 1655 602 1741 qui
619 1655 661 1721 sit
677 1656 805 1721 inutilis
822 1657 939 1734 armis,
1104 1688 1152 1744 105

145 1758 310 1826 Hostibus
327 1760 362 1825 in
380 1761 501 1827 mediis
517 1783 628 1849 regna
644 1773 761 1827 tenere
778 1773 899 1848 potest.

99 1864 312 1932 Telemacho
327 1868 454 1943 veniet,
472 1867 565 1933 vivat
582 1868 697 1944 modo,
718 1868 836 1934 sortior
851 1879 966 1935 aetas:

144 1971 249 2038 Nunc
265 1984 337 2039 erat
353 1973 490 2039 auxiliis
506 1973 565 2038 illa
581 1975 709 2039 tuenda
726 1975 845 2060 patris.

101 2077 177 2145 Nec
192 2078 277 2144 mihi
294 2089 372 2145 sunt
386 2080 478 2145 vires
495 2080 651 2146 inimicos
669 2083 799 2167 pellere
815 2082 933 2149 tectis:

142 2185 200 2249 Tu
217 2185 314 2250 citius
330 2186 462 2262 venias,
481 2197 598 2272 portus
615 2198 648 2253 et
665 2209 748 2253 aura
765 2189 843 2255 tuis.
1103 2222 1152 2261 110

102 2288 160 2358 Est
176 2291 248 2367 tibi,
268 2292 389 2378 sitque,
409 2313 543 2377 precor,
564 2304 703 2380 gnatus,
721 2294 779 2380 qui
797 2295 956 2361 mollibus
973 2297 1073 2362 annis

142 2398 184 2463 In
201 2398 328 2483 patrias
345 2409 435 2464 artes
451 2399 662 2464 erudiendus
680 2412 764 2465 erat.

98 2498 252 2590 Respice
267 2503 431 2581 Laerten,
448 2515 485 2570 ut
497 2505 570 2592 jam
586 2526 650 2570 sua
667 2505 798 2585 lumina
815 2508 958 2584 condas,

140 2609 346 2695 Extremum
362 2611 422 2677 sati
438 2611 582 2677 sustinet
596 2610 655 2676 ille
671 2611 778 2677 diem.

72 2736 75 2742 ·
90 2713 202 2785 Certe
218 2737 298 2805 ego,
316 2737 405 2804 quae
421 2717 554 2783 fueram
570 2726 603 2782 te
619 2716 819 2783 discedente
836 2720 965 2804 puella,
1102 2752 1150 2809 ¹13

139 2821 302 2889 Protinus
318 2832 356 2889 ut
368 2822 501 2901 venias,
518 2823 609 2889 facta
625 2822 767 2890 videbor
782 2844 882 2891 auus.
