2490 4208
101 188 164 255 128
323 186 477 274 Rz'valry
501 186 549 272 <ff
561 156 662 277 Aj'ax
683 185 758 250 arrd
785 182 933 272 Ulysses.
1008 198 1150 274 [Mam

98 407 187 473 quae
204 384 268 451 nisi
286 384 457 461 fecissem,
476 385 600 450 frustra
616 385 808 449 Telamone
824 392 959 449 creatus

96 504 268 579 gestasset
283 493 382 556 laeva
399 502 574 556 taurorum
590 502 728 578 tergora
745 502 888 576 septem.

98 599 158 662 illa
175 610 275 663 nocte
292 598 376 662 mihi
392 597 520 685 Trojae
536 597 677 661 victoria
695 608 792 682 parta
808 607 879 661 est:

99 704 274 792 Pergama
289 710 371 769 tunc
385 705 466 779 vici,
485 725 564 768 cum
580 704 671 769 vinci
688 726 789 789 posse
806 702 917 790 coegi.

146 820 155 849 ‘
173 809 302 874 Desine
318 809 482 895 Tydiden
498 809 661 894 vultuque
678 818 712 872 et
728 827 900 871 murmure
917 805 1018 872 nobis
1103 837 1152 894 350

99 928 269 980 ostentare
286 937 423 980 meum:
447 937 527 1000 pars
545 926 596 979 est
612 936 674 980 sua
691 914 802 978 laudis
818 914 852 977 in
869 913 940 977 illo.

99 1043 165 1087 nec
181 1034 229 1096 tu,
247 1044 326 1086 cum
343 1022 436 1087 socia
453 1022 602 1106 clipeum
618 1043 680 1106 pro
697 1021 807 1085 classe
824 1015 977 1095 tenebas,

99 1129 193 1194 solus
210 1150 308 1192 eras:
333 1128 391 1192 tibi
409 1129 508 1193 turba
525 1149 654 1202 comes,
673 1126 757 1190 mihi
775 1126 915 1213 contigit
930 1148 1042 1200 unus3

99 1234 158 1321 qui
174 1235 239 1299 nisi
257 1256 452 1322 pugnacem
471 1234 573 1298 sciret
587 1233 740 1318 sapiente
757 1233 925 1297 minorem

100 1362 188 1414 esse,
209 1363 273 1405 nec
289 1341 475 1405 indomitae
492 1339 609 1405 deberi
626 1338 781 1424 praemia
797 1339 951 1414 dextrae,
1101 1367 1149 1424 355

99 1447 174 1532 ipse
190 1469 325 1534 quoque
343 1448 430 1512 haec
445 1457 594 1532 peteret3
620 1455 750 1530 peteret
766 1444 972 1510 moderatior
987 1442 1098 1532 Ajax,

101 1552 370 1641 Eurypylusque
388 1553 497 1629 ferox,
516 1554 679 1638 claroque
695 1550 941 1616 Andraemone
958 1562 1081 1626 natus;

100 1681 165 1725 nec
182 1662 295 1725 minus
312 1660 531 1735 Idomeneus,
552 1658 729 1744 patriaque
746 1669 880 1722 creatus
897 1657 1020 1722 eadem

101 1765 276 1833 Meriones
289 1790 298 1842 3
323 1778 454 1853 peteret
469 1765 609 1854 majoris
626 1764 729 1830 stater
744 1762 910 1829 Atridae:

99 1874 227 1960 quippe
243 1895 348 1939 manu
364 1874 479 1949 fortes,
499 1894 564 1938 nec
580 1884 658 1937 sunt
674 1871 758 1936 mihi
775 1883 883 1938 marte
900 1869 1057 1949 secundi,
1100 1884 1153 1958 360

100 1980 250 2046 consiliis
268 2001 403 2046 cessere
421 1979 519 2046 meis.
567 1978 649 2044 Tibi
665 1979 807 2044 dextera
822 1979 914 2044 bello

99 2085 212 2152 utilis:
235 2078 413 2174 ingenium
431 2099 493 2163 est,
511 2086 606 2172 quod
623 2096 703 2173 eget
718 2086 953 2151 moderamine
970 2095 1097 2153 nostro.

99 2202 136 2256 tu
152 2192 242 2258 vires
258 2194 332 2258 sine
349 2204 462 2258 mente
479 2193 593 2281 geris:
619 2191 703 2256 mihi
720 2212 803 2257 cura
818 2193 935 2258 futuri.
982 2272 986 2279 Ι
1109 2182 1112 2187 ’

100 2309 136 2364 tu
152 2320 308 2386 pugnare
324 2310 441 2384 potes:
467 2298 647 2387 pugnandi
664 2310 818 2384 tempora
835 2320 971 2364 mecum

101 2405 197 2492 eligit
212 2405 362 2471 Atrides.
410 2405 467 2471 Tu
484 2416 615 2470 tantum
633 2408 776 2491 corpo're
793 2407 939 2491 prodes:
1101 2423 1148 2492 3⁶5

101 2534 163 2576 nos
180 2513 306 2577 animo.
355 2510 563 2598 Quantoque
580 2525 687 2578 ratem
705 2514 763 2599 qui
780 2522 960 2599 temperat,
979 2513 1085 2579 anteit

100 2619 242 2706 remigis
258 2617 421 2695 officium,
438 2630 565 2705 quanto
582 2620 655 2685 dux
671 2620 775 2686 milite
794 2621 914 2708 major,

100 2734 231 2789 tantum
248 2745 315 2812 ego
332 2735 364 2790 te
380 2746 516 2811 supero.
566 2725 729 2792 Necnon
746 2726 781 2790 in
798 2746 941 2812 corpore
956 2737 1074 2794 nostro

100 2841 239 2916 pectora
255 2842 333 2896 sunt
348 2832 479 2916 potiora
497 2853 622 2897 manu:
647 2832 746 2920 vigor
762 2832 874 2898 omnis
889 2832 925 2898 in
942 2832 1022 2898 illis.

148 2936 220 3003 ‘At
236 2959 309 3012 vos,
326 2936 360 3002 Ο
376 2958 548 3022 proceres,
565 2938 663 3026 vigili
680 2940 758 3004 date
775 2939 928 3025 praemia
943 2951 1080 3008 vestroe
1099 2970 1146 3026 370

101 3064 231 3129 proque
247 3054 296 3108 tot
312 3063 478 3108 annorum
496 3065 590 3120 cura,
609 3046 733 3132 quibus
750 3046 874 3110 anxius
891 3045 962 3134 egi,

101 3151 194 3214 hunc
210 3149 341 3214 titulum
360 3151 486 3217 meritis
503 3154 720 3237 pensandum
737 3153 867 3218 reddite
883 3153 1018 3220 nostris.

97 3255 169 3344 jam
185 3256 282 3321 labor
297 3256 332 3321 in
349 3257 416 3323 fine
433 3270 504 3324 est:
529 3259 701 3324 obstantia
717 3258 786 3323 fata
802 3259 946 3337 removi,

100 3361 237 3448 altaque
254 3384 355 3447 posse
371 3365 448 3450 capi
466 3365 624 3430 faciendo
641 3364 826 3452 Pergama,
845 3365 934 3452 cepi.

99 3488 162 3554 per
177 3489 256 3553 spes
273 3491 366 3534 nunc
383 3472 507 3547 socias,
527 3491 718 3556 casuraque
735 3471 871 3536 moenia
887 3474 1033 3551 Troum,
1099 3503 1146 3559 375

99 3594 228 3660 perque
245 3575 327 3642 deos
344 3599 416 3654 oro,
431 3583 520 3664 ¹quos
538 3576 624 3641 hosti
641 3598 752 3661 nuper
767 3578 893 3654 ademi,

99 3701 162 3767 per
177 3680 289 3767 siquid
307 3695 474 3769 superest,
492 3683 584 3768 quod
601 3682 644 3746 sit
660 3683 832 3766 sapienter
848 3685 1037 3772 agendum,
1049 3721 1096 3734 -

99 3786 226 3873 siquid
244 3789 359 3853 adhuc
375 3789 502 3861 audax,
521 3808 565 3851 ex
582 3787 827 3874 praecipitique
846 3789 1029 3874 petendum
1047 3800 1110 3864 est,

85 3893 123 3955 si
139 3892 268 3982 Trojae
283 3894 363 3962 satis
380 3892 514 3984 aliquid
529 3904 659 3960 restare
673 3894 867 3980 putatis,—
