2490 4208
117 181 167 234 IV.
184 175 257 246 163.]
366 167 486 235 Death
509 171 558 254 of
571 169 648 237 both
672 169 728 236 tlte
750 169 897 236 Lavers.
1119 187 1161 254 41

110 374 306 451 quantaque
322 364 435 440 vitarit
450 386 590 432 narrare
607 366 760 452 pericula
777 365 892 452 gestit.
1114 393 1165 447 130

109 484 214 557 utque
231 472 359 546 locum,
378 483 410 536 et
425 472 498 537 visa
512 456 693 559 'cognoscit
708 473 742 537 in
760 473 880 537 arbore
897 471 1056 544 sormam,

111 577 161 642 sic
178 577 258 642 facit
274 576 438 642 incertam
457 579 549 661 pomi
566 580 681 644 color:
707 580 838 653 haeret,
857 598 901 640 an
919 579 1006 641 haec
1023 577 1077 640 sit.
1102 574 1178 647 ,ὑῒ

111 684 192 749 dum
210 684 352 758 dubitat,
371 685 596 749 tremebunda
613 684 705 749 videt
721 685 858 769 pulsare
876 690 1053 747 cruentum

112 791 264 854 membra
282 792 406 865 solum,
425 799 582 876 retroque
599 791 723 875 pedem
739 789 826 864 tulit,
845 810 973 874 oraque
990 789 1084 853 buxo

111 897 291 982 pallidiora
308 918 447 984 gerens»,
467 897 643 961 exhorruit
660 895 817 982 aequoris
834 893 954 968 instar,
1114 925 1161 982 133

111 1003 203 1089 quod
219 1003 342 1078 tremit,
361 1003 489 1088 exigua
506 1023 585 1066 cum
603 1023 774 1067 summum
793 1000 969 1088 stringitur
986 1021 1082 1064 aura.

157 1109 228 1175 Se'd
244 1120 424 1195 postquam
442 1120 612 1173 remorata
630 1130 709 1173 suos
726 1108 887 1195 cognovit
904 1128 1051 1183 amoreS,
1110 1165 1113 1172 .

111 1218 255 1301 percutit
270 1215 431 1304 indignos
448 1216 542 1280 claro
559 1217 726 1300 plangore
743 1215 901 1289 lacertos,

109 1334 143 1387 et
159 1324 286 1387 laniata
302 1343 431 1397 comas,
451 1323 679 1408 amplexaque
696 1343 819 1407 corpus
837 1333 1001 1398 amatum,

107 1431 252 1494 vulnera
269 1429 441 1514 supplevit
457 1428 619 1503 lacrimis,
638 1427 825 1515 fletumque
843 1430 954 1494 cruori
1112 1459 1161 1512 140

108 1535 257 1611 miscuit,
275 1546 308 1600 et
325 1535 449 1623 gelidis
466 1536 501 1599 in
517 1535 665 1599 vultibus
682 1536 800 1600 oscula
817 1536 941 1624 figens

110 1641 282 1728 ‘Pyrame
294 1639 323 1705 l'
339 1641 501 1705 clamavit
517 1641 616 1727 ‘quis
632 1654 665 1705 te
683 1642 765 1733 mihi
784 1663 884 1725 casus
902 1640 1050 1707 ademit?

107 1747 271 1834 Pyrame,
289 1748 480 1833 responde:
505 1758 563 1811 tua
580 1758 612 1813 te
630 1748 807 1813 carissima
824 1748 957 1813 Thisbe

107 1854 281 1919 nominat:
306 1855 446 1931 exaudi,
464 1857 645 1941 vultusque
662 1856 776 1933 attolle
789 1855 943 1943 jacentes
957 1853 985 1919 l’

152 1960 211 2025 Ad
227 1983 353 2027 nomen
368 1960 520 2027 Thisbes
535 1950 654 2026 oculos
667 1961 738 2048 jam
758 1973 864 2027 morte
881 1972 1043 2048 gravatos
1110 1993 1163 2049 145,

106 2066 278 2155 Pyramus
295 2068 415 2142 erexit,
433 2067 576 2153 visaque
593 2068 785 2132 recondidit
799 2067 881 2143 ilta;
965 2117 968 2122 -

107 2196 197 2271 quae
213 2186 394 2260 postquam
411 2185 611 2260 vestemque
628 2194 724 2239 suam
744 2175 917 2308 cognovit,
936 2186 969 2239 et
984 2177 1067 2240 ense

106 2281 195 2347 vidit
205 2282 290 2346 ebur
305 2302 468 2356 vacuum,
488 2280 619 2344 ‘Tuat
606 2291 638 2345 e
655 2303 777 2345 manus
790 2281 949 2377 ’inquit‘
962 2283 1131 2368 amorque

106 2388 266 2473 perdidit,
285 2387 417 2452 infelix
467 2386 578 2452 Estet
594 2386 678 2451 m1h1
693 2387 839 2453 sort1s1n
856 2411 963 2452 unum
1060 2442 1064 2451 .

106 2496 173 2560 hoc
189 2515 325 2571 manus,
343 2505 444 2560 estet
460 2515 577 2569 amor3
602 2493 695 2560 dabit
710 2493 818 2559 hiem
833 2495 1023 2559 vulnera
991 2518 1120 2561 vires.

106 2601 531 2688 persequar'exstinctum,
548 2599 674 2686 letique
692 2601 883 2665 miserrima
900 2603 996 2666 dicar

106 2729 211 2772 causa
228 2726 411 2794 comesque
427 2706 476 2773 tui
488 2728 502 2788 3¹
521 2706 647 2792 quique
665 2727 685 2771 a
703 2729 757 2772 me
775 2721 880 2773 morte
897 2708 1015 2772 revelli

106 2814 174 2879 heu
190 2814 264 2879 sola
280 2824 431 2900 poteras,
448 2814 575 2900 poteris
593 2834 658 2879 nec
675 2827 781 2879 morte
798 2814 928 2879 revelli.

106 2922 172 2987 hoc
188 2932 302 2985 tamen
320 2921 499 2991 amborum
515 2921 629 2987 verbis
645 2931 750 2987 estote
767 2922 891 3008 rogati,
936 2919 939 2924 ’

106 3027 138 3092 Ο
155 3028 297 3092 multum
315 3026 559 3119 miseri,·meus'
575 3026 734 3113 illiusque
752 3039 928 3112 parenteS,
1108 3058 1155 3117 153

105 3145 142 3199 ut
157 3155 243 3221 quos
260 3114 372 3211 certus
388 3150 497 3207 amor,
514 3154 600 3218 quos
617 3134 701 3197 hora
718 3135 902 3199 novissima
914 3135 1040 3223 junxit,

106 3238 264 3325 componi
281 3238 411 3303 tumulo
429 3260 497 3303 non
513 3238 694 3304 invideatis
711 3226 845 3305 eodem.

47 3342 51 3351 '
106 3358 139 3411 at
155 3348 311 3431 tu,'quae
327 3344 432 3409 ramis
450 3345 551 3411 arbor
568 3345 761 3410 miserabile
779 3367 904 3432 corpus
915 3374 923 3403 ··
1002 3422 1006 3427 ,

105 3472 198 3516 nunc
212 3450 301 3537 tegis
317 3450 431 3526 unius,
450 3472 531 3538 nrpx
548 3472 585 3515 es
600 3461 730 3516 tectura
747 3454 905 3529 duorum,

105 3559 207 3645 signa
221 3568 301 3622 tene
317 3557 447 3649 caedis,
466 3558 646 3643 pullosque
662 3552 696 3621 et
711 3559 857 3623 luctibus
875 3574 971 3645 aptos
1104 3578 1155 3633 160

104 3684 241 3751 semper
258 3664 347 3728 habe
363 3662 464 3738 fetus,
482 3663 611 3750 gemini
630 3676 848 3750 monumenta
865 3667 1019 3749 cruoris!

148 3769 260 3847 Dixit,
277 3778 312 3835 et
327 3780 442 3854 aptato
458 3754 577 3853 pectus
594 3790 758 3835 mucrone
775 3770 838 3835 sub
854 3770 967 3835 'unum

103 3872 369 3952 incubuitlerro,
388 3875 481 3962 quod
497 3877 615 3946 adhuc
633 3901 655 3948 a
672 3880 786 3951 caede
802 3881 966 3971 tepebat.
