2490 4208
93 164 158 240 174
466 149 618 219 Skorter
639 150 774 217 Poems.
994 163 1147 235 [Tursrra

90 347 206 434 thue
222 346 420 423 resurrexit,
436 346 582 415 foedatis
599 348 742 432 pulvere
757 343 848 432 turpi

136 450 310 527 Crinibus,
329 464 362 517 et
377 452 494 540 gelida
510 454 665 523 membra
681 453 808 517 levavit
824 453 945 527 humo,

90 557 138 625 Se
156 559 269 634 modo,
289 558 440 625 desertos
458 559 559 625 modo
575 558 809 643 complorasse
826 556 992 634 Penates,
1108 589 1145 648 95

135 663 274 730 Nomen
291 675 324 729 et
339 663 445 748 erepti
461 684 565 750 saepe
582 684 725 729 vocasse
742 663 826 738 viri;

9 764 14 772 ’
89 768 168 834 Nec
184 769 357 857 gemuisse
373 769 499 845 minus,
518 768 669 855 quamsi
687 780 832 837 nataeve
849 791 1010 841 meumve

134 874 287 940 Vidisset
302 886 446 949 structos
461 896 587 960 corpus
606 876 734 941 habere
752 898 870 964 rogos,

89 979 134 1047 Et
148 979 297 1046 voluisse
313 980 412 1056 mori,
431 980 609 1047 moriendo
625 1002 753 1066 ponere
770 1004 894 1051 sensus
907 1020 953 1035 -

134 1086 378 1173 Respectuque
393 1097 510 1153 tamen
526 1108 596 1153 non
609 1084 763 1155 voluisse
781 1089 861 1157 mei.
1098 1123 1150 1165 100

88 1192 214 1260 Vivatl
239 1202 273 1258 et
288 1192 464 1259 absentem
477 1193 698 1280 —quoniam
716 1194 766 1261 sic
782 1196 852 1263 fata
868 1196 1021 1265 tulerunt
1032 1232 1080 1249 -

133 1299 238 1367 Vivat
252 1309 290 1366 ut
304 1297 434 1367 auxilio
450 1298 606 1371 sublevet
621 1321 731 1389 usque
746 1323 826 1375 suo.

224 1640 257 1688 2.
290 1620 361 1689 Tae
383 1620 520 1691 Errde’s
544 1620 628 1691 Sr‘ck
656 1622 828 1691 Chamber
854 1622 920 1712 (iii.
939 1621 998 1710 3).

175 1834 272 1902 AEC
288 1857 381 1914 mea,
398 1836 426 1903 si
442 1858 527 1903 casu
544 1836 691 1913 miraris,
710 1835 855 1922 epistola
869 1854 977 1922 quare

218 1941 370 2009 Alterius
386 1943 503 2031 digitis
519 1943 646 2028 scripta
663 1942 718 2017 sit,
732 1956 844 2030 'aeger
859 1962 968 2009 eram.

88 2046 208 2135 Aeger
224 2049 258 2113 in
276 2050 437 2114 extremis
454 2049 563 2138 ignoti
581 2048 734 2134 partibus
749 2048 858 2126 orbis,

134 2154 357 2242 Incertusque
373 2177 472 2221 meae
487 2177 600 2241 paene
619 2156 738 2221 salutis
753 2177 863 2221 eram.

90 2259 186 2347 Quid
202 2261 286 2325 mihi
303 2283 396 2327 nunc
413 2263 519 2327 animi
536 2263 610 2327 dira
626 2261 770 2349 regione
783 2260 912 2350 jacenti
1140 2294 1156 2349 ς

134 2367 228 2445 Inter
243 2366 468 2435 Sauromatas
483 2389 560 2435 esse
577 2368 755 2455 Getasque
772 2365 894 2454 putes?

89 2470 317 2540 Nec'caelum
331 2475 458 2560 patior,
476 2492 542 2539 nec
556 2475 655 2562 aquis
674 2474 896 2540 adsuevimus
913 2472 1000 2551 istis,

133 2579 312 2667 Terraque
328 2580 529 2667 nescioquo
545 2602 614 2647 non
631 2581 746 2666 placet
760 2581 837 2667 ipsa
854 2581 969 2647 modo·

89 2684 171 2752 Non
187 2687 310 2752 domus
327 2697 408 2773 apta
423 2686 518 2765 satis,
537 2708 608 2753 non
623 2687 681 2753 bic
696 2688 794 2755 cibus
811 2686 903 2763 utilis
919 2706 1052 2774 aegro;

18 2830 22 2836 ·
134 2792 274 2869 Nullus,
291 2792 478 2880 Apollinea
493 2795 553 2882 qui
569 2794 660 2861 levet
676 2806 748 2861 arte
764 2794 917 2870 malum3
1120 2827 1153 2867 10

89 2898 171 2966 Non
187 2900 245 2987 qui
262 2902 401 2978 soletur,
419 2923 489 2967 non
505 2901 564 2988 qui
580 2901 732 2967 labentia
748 2902 845 2967 tarde

134 3007 310 3094 Tempora
325 3009 497 3077 narrando
514 3009 622 3085 sallat,
641 3008 774 3075 amicus
790 3009 901 3075 adest.

89 3112 221 3180 Lassus
237 3115 273 3179 in
289 3115 450 3181 extremis
463 3115 563 3203 jaceo
579 3115 783 3201 populisque
800 3113 969 3201 locisque,

135 3220 180 3285 Et
196 3221 284 3285 subit
302 3221 434 3287 adfecto
451 3242 543 3286 nunc
559 3221 656 3295 mihi,
674 3221 837 3308 quicquid
854 3221 965 3287 abest.

90 3326 217 3392 Omnia
234 3346 312 3392 cum
329 3330 487 3403 subeant,
504 3327 614 3392 vincis
629 3338 745 3392 tamen
761 3327 892 3404 omnia,
910 3326 1083 3417 conjunx,
1118 3360 1148 3418 15

135 3433 179 3498 Et
195 3435 271 3519 plus
288 3434 323 3498 in
339 3446 454 3501 nostro
470 3444 607 3519 pectore
623 3445 720 3518 parte
736 3446 844 3503 tenes.

89 3537 143 3603 Te
160 3538 279 3625 loquor
295 3538 484 3612 absentem,
502 3547 534 3601 te
550 3558 619 3601 vox
635 3558 712 3601 mea
728 3539 883 3604 nominat
898 3559 1029 3615 unam3

135 3644 242 3708 Nulla
258 3644 350 3711 venit
365 3643 440 3708 sine
456 3653 488 3706 te
505 3663 574 3707 nox
590 3642 688 3718 mihi,
705 3644 801 3708 nulla
816 3645 902 3711 dies.

91 3748 185 3834 Qin
204 3750 304 3814 etiam
322 3749 371 3813 sic
387 3769 443 3812 me
459 3748 576 3812 dicunt
592 3747 705 3811 aliena
721 3748 885 3828 locutum,

129 3856 177 3922 Ut
190 3856 281 3923 soret
294 3846 428 3922 amenti
443 3874 572 3921 nomeu
586 3852 625 3919 iu
639 3874 701 3919 ore
711 3864 822 3919 tuum.
