2490 4208
100 166 146 237 66
330 169 401 237 Tha
423 169 696 237 Enchantments
720 173 768 256 of
780 168 921 237 Medea.
1004 186 1151 259 [Mareu.

101 367 277 455 multaque
292 367 447 453 perpessi
464 368 557 433 claro
574 367 637 432 sub
656 367 778 432 I'asone
796 368 934 432 tandem
1136 397 1151 455 ς

102 472 317 560 contigerant
333 473 471 558 rapidas
488 474 598 539 limosi
616 473 784 538 Phasidos
800 438 962 590 undadss

148 579 308 666 Dumque
326 581 452 645 adeunt
468 601 599 667 regem,
614 577 833 666 Phrixeaque
846 580 975 644 vellera
993 579 1150 664 poscunt,

102 707 238 771 voxque
254 686 353 749 datur
369 686 519 750 numeris
537 706 741 772 magnorum
760 673 930 751 horrenda
946 686 1117 762 laborum,

103 791 251 877 concipit
266 791 394 856 interea
410 790 542 856 validos
557 789 699 857 Aeetias
715 791 835 877 ignes3

102 908 136 963 et
151 898 276 962 luctata
293 896 364 973 diu,
383 907 563 984 postquam
580 897 709 962 ratione
726 896 875 961 furorem
1121 930 1154 969 10

102 1003 240 1069 vincere
257 1025 325 1069 non
342 1014 485 1088 poterat,
506 1003 684 1078 ‘Frustra,
703 1002 844 1079 Medea,
863 1024 1059 1095 repugnas:

103 1110 219 1175 nescio
235 1111 311 1196 quis
328 1111 413 1175 deus
429 1108 558 1174 obstat’
574 1109 632 1184 ait,
653 1118 661 1149 ‘
675 1110 880 1199 mirumque,
899 1110 963 1177 nisi
980 1112 1047 1176 hoc
1063 1121 1128 1187 est,

104 1228 162 1282 aut
177 1216 307 1302 aliquid
323 1227 413 1280 certe
430 1215 540 1281 simile
558 1215 650 1291 huic,
669 1216 761 1303 quod
777 1237 898 1280 uariare
912 1227 1066 1281 vocatur.

44 1378 47 1383 .
102 1343 183 1387 nam
201 1343 261 1386 cur
273 1322 370 1410 jussa
387 1323 492 1421 patris
509 1321 652 1437 nimium
670 1322 753 1385 mihi
770 1322 929 1397 durad
871 1323 929 1432 prd
931 1321 1050 1423 entuq?

103 1439 181 1496 sunt
205 1450 341 1515 quoque
365 1414 451 1494 dura
475 1403 597 1497 nimisd
638 1426 723 1505 Cur,
750 1449 853 1514 quem
878 1345 1176 1516 dildddenique,

237 1534 320 1611 vidi,
1120 1567 1152 1625 15

102 1663 147 1708 ne
162 1652 291 1729 pereat,
309 1638 435 1708 timeo?
459 1663 547 1728 quae
563 1641 647 1707 tanti
665 1662 769 1708 causa
785 1639 938 1708 timoris?

102 1761 224 1816 excute
241 1749 396 1837 virgineo
414 1760 598 1833 conceptas
615 1762 751 1833 pectore
767 1747 940 1825 flammas,

102 1855 131 1922 si
147 1866 255 1941 potes,
273 1855 405 1922 infelix.
454 1854 493 1921 Si
510 1876 661 1941 possem,
680 1855 796 1920 sanior
811 1876 944 1920 essem·

102 1963 164 2028 sed
179 1975 301 2050 gravat
317 1963 457 2028 invitam
474 1984 564 2028 nova
579 1963 652 2036 vis;
678 1962 838 2049 aliudque
855 1961 992 2048 cupido,

102 2068 200 2134 r'nens
216 2068 309 2135 aliud
325 2032 456 2134 diffidet.
504 2068 617 2134 Video
634 2068 789 2143 meliora,
808 2069 1003 2155 proboque:
1117 2098 1154 2139 20

102 2175 160 2241 det
147 2174 270 2240 teriora
286 2197 422 2262 sequor.
473 2173 593 2260 Ouid
585 2197 618 2239 ιιι
636 2174 782 2259 hospite,
800 2173 897 2260 regia
913 2174 1025 2261 virgo,

102 2282 223 2359 ureris,
241 2295 275 2349 et
289 2284 459 2348 thalamos
477 2283 579 2346 alieni
596 2281 750 2367 concipis
767 2278 882 2346 orbis?
974 2268 980 2278 ⁵

102 2389 190 2455 haec
214 2410 348 2477 quoque
373 2402 463 2454 terra
490 2400 611 2475 potest,
636 2389 729 2475 quod
752 2407 861 2463 ames,
887 2386 983 2450 dare.
1030 2383 1150 2462 Vivat,

238 2496 355 2562 anille

101 2602 247 2678 occidat,
265 2603 300 2668 in
317 2604 369 2669 dis
386 2613 448 2669 est.
479 2599 602 2668 .Vivat
617 2612 753 2666 tamen:
777 2599 880 2686 idque
896 2597 1029 2684 precari
1065 2662 1072 2677 x

100 2709 156 2773 vel
173 2709 246 2774 sine
263 2730 377 2775 amore
395 2710 486 2775 licet.
536 2706 632 2791 Quid
649 2708 740 2772 enim
758 2705 926 2772 commisit
944 2701 1076 2801 liisonil
1115 2734 1150 2792 25

100 2835 217 2900 quem,
236 2815 300 2880 nisi
316 2816 504 2890 crudelem,
523 2837 591 2879 non
608 2825 727 2899 tangat
743 2813 877 2879 liisonis
893 2822 987 2877 aetas

100 2930 134 2983 et
150 2940 260 3007 genus
277 2931 309 2985 et
325 2919 451 2986 virtus?
476 2942 577 3007 quem
595 2942 677 2994 non,
694 2930 731 2983 ut
747 2931 860 2984 cetera
876 2918 999 2994 desint,

100 3047 160 3091 ore
177 3048 312 3091 movere
330 3025 460 3111 potest?
484 3039 574 3091 certe
591 3047 667 3090 mea
685 3038 820 3110 pectora
840 3024 954 3090 movit.

147 3132 217 3196 ‘At
233 3132 297 3198 nisi
314 3155 413 3217 opem
430 3134 551 3208 tuler0,
570 3126 743 3196 taurorum
761 3130 941 3196 adflabitur
956 3151 1030 3205 ore,

99 3250 346 3324 concurretque
363 3260 445 3303 suae
463 3239 588 3325 segetis
605 3238 724 3303 tellure
742 3237 865 3301 creatis
1115 3267 1151 3320 30

100 3344 266 3419 hostibuS,
286 3356 343 3409 aut
360 3346 460 3410 avido
477 3345 612 3409 dubitur
628 3343 700 3407 sera
717 3342 846 3428 praeda
863 3341 1017 3407 draconi.

100 3450 166 3514 hoc
183 3472 249 3538 ego
266 3451 293 3516 si
311 3451 432 3536 patiar,
451 3451 521 3514 t'um
539 3471 594 3514 me
610 3449 653 3514 de
669 3448 792 3535 tigride
810 3459 938 3524 natam,

99 3565 169 3619 tum
186 3557 313 3622 ferrum
330 3569 363 3622 et
379 3556 538 3641 scopulos
554 3566 689 3641 gestare
705 3554 740 3618 in
757 3554 859 3619 corde
876 3554 1033 3619 fatebor:

100 3681 161 3725 cur
177 3684 245 3727 non
262 3674 295 3727 et
311 3675 426 3746 specto
443 3660 665 3748 pereuntem,¹
674 3660 860 3745 oculosque
877 3660 1026 3725 videndo

17 3766 56 3825 Τῑ
99 3766 318 3833 conscelero?
343 3789 403 3832 cur
418 3789 487 3832 non
503 3777 618 3831 tauros
634 3767 794 3830 exhortor
810 3765 846 3829 in
862 3765 972 3839 illum,
1095 3752 1149 3855 '35

87 3874 354 3963 terrigenasque
368 3873 474 3951 feros,
493 3870 744 3961 insopitumque
760 3870 968 3937 draconem?
