2490 4208
125 201 188 250 102
429 180 499 247 The
523 180 626 268 Song
644 182 692 267 of
710 178 881 269 Orpbeus.
1028 195 1172 268 [Murra.

121 381 229 446 tristia
246 378 273 446 si
290 379 438 466 spatium
454 377 605 464 ponendi
620 377 689 443 sata
706 378 892 443 dedissent.

123 508 190 574 qua
207 486 297 562 licet,
317 497 476 550 aeternus
491 495 607 549 tamen
623 506 681 558 es;
707 484 931 570 quotiensque
950 483 1086 570 repellit

121 615 183 659 ver
199 592 361 667 hiemem,
380 591 539 677 Piscique
556 590 658 656 Aries
674 589 827 655 succedit
843 610 987 677 aquoso,
1126 605 1173 676 165

121 709 157 764 tu
174 699 296 764 totiens
313 698 432 772 oreris,
450 697 618 784 viridique
635 696 670 761 in
687 696 815 781 cespite
831 695 946 761 flores.

122 818 155 871 te
173 826 268 869 meus
287 814 364 868 ante
380 824 499 869 omnes
516 802 651 890 genitor
667 803 799 877 dilexit,
818 812 851 867 et
866 803 949 868 orbe

122 912 158 976 in
175 911 288 976 medio
304 909 403 996 positi
421 920 604 974 caruerunt
619 909 778 995 praeside
795 907 937 993 Delphi,

123 1019 205 1083 dum
222 1017 307 1082 deus
324 1016 475 1080 Eurotan
493 1015 777 1101 immunitamque
794 1014 986 1101 frequentat
1054 1028 1056 1033 '

123 1125 292 1210 Sparten:
310 1144 375 1187 nec
392 1123 556 1198 citharae,
571 1143 636 1186 nec
649 1133 726 1187 sunt
743 1121 778 1184 in
796 1122 925 1187 honore
942 1122 1102 1211 sagittae.
1127 1152 1176 1207 170

122 1232 291 1297 inmemor
306 1230 380 1316 ipse
397 1229 449 1296 sui
466 1251 535 1294 non
551 1229 636 1294 retia
652 1227 741 1293 ferre
757 1240 904 1304 recusat,

122 1360 192 1404 non
208 1338 357 1403 tenuisse
374 1358 491 1412 canes,
510 1358 578 1402 non
595 1357 657 1422 per
669 1335 756 1423 juga
773 1335 896 1401 montis
913 1335 1020 1424 iniqui

121 1445 191 1512 isse
207 1466 344 1520 comes;
370 1446 544 1531 longaque
561 1443 621 1508 alit
637 1442 855 1508 assuetudine
872 1442 1045 1510 flammas.

170 1553 335 1639 ‘Jamque
352 1552 423 1616 sere
440 1551 572 1616 medius
589 1551 692 1615 Titan
709 1549 876 1615 venientis
893 1562 926 1616 et
941 1561 1040 1618 actae

122 1663 232 1726 noctis
249 1670 332 1734 erat,
352 1658 529 1745 spatioque
546 1658 621 1744 pari
638 1658 784 1722 distabat
799 1658 990 1745 utrimque:
1129 1688 1178 1746 175

123 1787 266 1852 corpora
281 1776 375 1830 veste
393 1765 520 1840 levant,
540 1776 574 1829 et
589 1786 671 1830 suco
688 1763 827 1852 pinguis
844 1764 924 1830 olivi

123 1873 378 1958 splendescunt,
397 1871 523 1959 latique
539 1871 658 1936 ineunt
674 1872 861 1936 certamina
878 1872 976 1938 disci.

170 1978 308 2066 ‘Quem
325 1978 419 2064 prius
437 1979 546 2042 aerias
563 1978 720 2042 libratum
738 1978 900 2044 Phoebus
916 1979 952 2044 in
970 2001 1074 2046 auras

123 2086 227 2162 misit,
246 2097 278 2150 et
293 2085 468 2170 oppositas
485 2084 617 2171 disjecit
633 2085 784 2169 pondere
801 2087 920 2151 nubes.

122 2193 243 2259 recidit
257 2192 292 2256 in
310 2189 453 2257 solidam
470 2192 576 2278 longo
592 2202 669 2277 post
684 2203 836 2277 tempore
853 2202 980 2257 terram
1130 2213 1181 2268 180

123 2300 270 2385 pondus,
289 2308 322 2363 et
338 2298 492 2362 exhibuit
504 2298 657 2386 junctam
674 2319 753 2363 cum
770 2288 1037 2365 viribus'artem.

123 2406 276 2493 protinus
292 2405 492 2491 imprudens
511 2416 673 2492 actusque
691 2405 851 2491 cupidine
867 2406 939 2472 ludi

122 2514 241 2580 tollere
258 2513 473 2578 Taenarides
489 2514 606 2576 orbem
624 2515 850 2599 properabat3
875 2524 910 2579 at
925 2514 1024 2579 illum

123 2621 209 2686 dura
225 2641 463 2705 repercussum
481 2619 623 2708 subjecit
638 2620 673 2684 in
690 2625 773 2685 aera
787 2622 888 2687 tellus

123 2726 159 2792 in
175 2727 300 2802 vultus,
321 2726 531 2813 Hyacinthe,
549 2737 636 2791 tuos.
686 2726 863 2812 Expalluit
880 2749 991 2818 aeque
1130 2747 1180 2818 185

79 2852 81 2857 ’
123 2855 226 2921 quam
244 2855 329 2919 puer
345 2833 418 2918 ipse
434 2834 539 2907 deus3
565 2834 803 2920 collapsosque
819 2836 948 2920 excipit
964 2845 1070 2912 artus,

124 2951 157 3005 et
173 2942 274 3005 modo
290 2950 323 3004 te
340 2940 482 3014 refovet,
501 2940 601 3004 modo
619 2939 725 3004 tristia
743 2941 883 3006 vulnera
899 2943 1020 3017 siccat,

123 3068 216 3111 nunc
234 3046 385 3109 animam
401 3045 545 3110 admotis
562 3046 752 3133 fugientem
768 3048 911 3113 sustinet
927 3049 1055 3114 herbis.

171 3151 254 3217 ‘Nil
271 3165 413 3236 prosunt
429 3163 539 3216 artes:
564 3164 636 3217 erat
651 3152 904 3220 immedicabile
920 3156 1059 3222 vulnus.

123 3269 161 3324 ut
177 3259 204 3323 si
221 3259 298 3346 quis
314 3259 423 3323 violas
439 3259 583 3345 riguove
599 3280 752 3344 papaver
766 3260 802 3323 in
820 3261 930 3339 hortO,
1130 3296 1182 3354 190

124 3366 263 3452 liliaque
279 3364 443 3452 infringat
458 3365 559 3429 fulvis
576 3364 751 3429 haerentia
767 3366 888 3454 virgis,

125 3473 278 3537 marcida
295 3472 471 3536 demittant
487 3471 596 3536 subito
613 3483 715 3556 caput
730 3471 791 3536 illa
806 3485 1000 3560 gravatum,

124 3602 190 3646 nec
206 3602 243 3645 se
260 3578 459 3654 sustineant,
479 3589 699 3665 spectentque
716 3580 896 3645 cacumine
912 3592 1058 3648 terram:

125 3687 174 3752 sic
190 3687 303 3751 vultus
320 3684 468 3750 moriens
480 3685 585 3772 jacet,
603 3696 637 3750 et
653 3685 786 3750 defecta
802 3686 922 3774 vigore

123 3793 199 3879 ipsa
217 3792 280 3857 sibi
297 3802 348 3855 est
364 3791 458 3856 oneri
475 3792 592 3855 cervix
609 3793 820 3879 humeroque
836 3796 1017 3861 recumbit.
1127 3832 1177 3889 195

161 3899 379 3980 ‘“Laberis,
399 3898 586 3980 Oebalidc,
602 3898 717 3988 prima
728 3899 885 3965 iraudute
898 3900 1050 3988 iuventa,
