2490 4208
25 93 71 185 46
302 93 451 161 Perseus
474 95 549 161 and
567 93 807 162 Andromeda.
933 109 1078 182 [Μιιιιι.

25 304 173 378 occupat
188 312 361 369 aversum,
378 313 447 358 neu
463 313 567 358 saeva
583 301 776 379 retorqueat
790 312 864 367 ora,

25 399 253 487 squamigeris
270 399 388 464 avidos
403 399 478 487 figit
494 398 683 465 cervicibus
700 418 856 486 ungues:

25 507 75 572 sic
91 507 182 570 celer
198 505 351 571 immisso
367 526 534 592 praeceps
551 526 612 591 per
628 504 732 569 inane
748 503 865 569 volatu

23 624 122 700 terga
139 613 232 677 ferae
248 611 383 698 pressit,
401 613 590 698 dextroque
607 609 781 676 frementis
797 609 833 675 in
849 631 947 679 armo

24 719 207 785 Inachides
224 719 350 783 ferrum
368 738 473 783 curvo
488 728 587 783 tenus
604 717 735 783 abdidit
749 717 893 813 hamod
1022 749 1074 804 72⁰

23 827 165 891 vulnere
181 826 275 891 laesa
292 822 402 912 gravi,
421 824 523 890 modo
539 845 577 889 se
593 823 748 889 sublimis
764 823 799 889 in
816 846 918 891 auras

24 932 154 1008 attollit,
173 932 274 996 modo
291 930 404 997 subdit
420 928 531 1016 aquis,
548 930 652 1017 modo
668 951 762 997 more
777 931 900 997 ferocis

23 1049 136 1105 versat
152 1037 239 1122 apri,
256 1058 359 1122 quem
376 1037 475 1101 turba
491 1057 618 1101 canum
635 1036 849 1103 circumsona
864 1047 980 1105 terret.

22 1145 80 1210 ille
98 1144 216 1209 avidos
233 1164 366 1225 morsus
382 1142 557 1208 velocibus
573 1141 695 1232 effugit
710 1143 795 1219 alis;

22 1272 158 1339 quaque
175 1273 197 1335 p
235 1232 317 1325 erit,
322 1270 415 1314 nunc
430 1260 528 1336 terga
545 1249 638 1315 cavis
654 1271 758 1336 super
773 1250 882 1318 obsita
898 1251 1054 1330 conchis,

22 1378 115 1423 nunc
130 1357 275 1421 laterum
292 1368 418 1429 costas,
436 1376 529 1421 nunc
545 1377 613 1442 qua
628 1357 829 1423 tenuissima
845 1359 958 1425 cauda

22 1463 146 1531 desinit
161 1463 195 1527 in
212 1462 357 1549 piscem,
375 1460 500 1528 falcato
515 1462 672 1529 verberat
687 1444 836 1637 ense&

21 1572 124 1637 belua
140 1570 287 1656 puniceo
304 1569 427 1634 mixtos
443 1589 521 1634 cum
538 1569 707 1656 sanguine
723 1570 770 1635 flu
829 1593 846 1638 s

21 1698 81 1744 ore
96 1677 222 1742 vomit:
248 1675 410 1740 maduere
427 1695 552 1763 graves
567 1676 751 1764 aspergine
768 1698 916 1763 pennae.

7 1771 26 1803 ⁸
39 1783 145 1849 a*Nec
159 1783 285 1848 bibulis
300 1782 389 1846 ultra
405 1781 552 1846 Perseus
569 1782 733 1848 talaribus
750 1804 854 1850 ausus
1019 1815 1073 1870 730

23 1891 177 1966 credere,
195 1888 373 1973 conspexit
388 1888 580 1974 scopulum,
597 1888 656 1975 qui
672 1890 798 1955 vertice
814 1912 949 1958 summo

23 1998 190 2064 stantibus
206 2005 316 2061 exstat
332 1993 443 2082 aquis,
461 1995 611 2081 operitur
627 1995 672 2061 ab
688 2015 836 2083 aequore
853 2008 953 2064 moto

22 2105 125 2170 nixus
142 2124 196 2177 eo,
214 2100 375 2188 rupisque
392 2113 513 2167 tenens
524 2100 611 2190 juga
626 2102 750 2189 prima,
768 2102 904 2170 sinistra

22 2220 74 2277 ter
90 2220 210 2298 quater
226 2207 342 2295 exegit
357 2208 499 2294 repetita
515 2229 577 2294 per
592 2208 651 2274 ilia
667 2209 807 2275 serrum.

23 2317 121 2384 litora
138 2335 216 2381 cum
234 2315 356 2400 plausu
374 2314 504 2411 clamor
520 2335 729 2405 superasque
746 2317 888 2383 deorum
1020 2347 1071 2407 735

23 2424 207 2509 implevere
224 2422 356 2487 domos.
405 2420 580 2495 Gaudent,
597 2442 834 2510 generumque
850 2424 1011 2515 salutant,

24 2532 259 2617 auxiliumque
276 2529 398 2594 domus
414 2538 691 2615 servatoremque
707 2524 887 2595 fatentur⁹
902 2522 956 2555 ·’““’
986 2504 1043 2567 *i
1057 2522 1098 2613 q,

23 2640 191 2726 Cassiope
208 2636 445 2755 Cepheusque
454 2645 564 2755 pater.
612 2634 780 2701 Resoluta
796 2636 926 2705 catenis

23 2746 197 2813 incedit'
166 2765 277 2832 virgo,
296 2712 511 2829 pretiumque
520 2744 560 2807 et
575 2761 681 2806 causa
697 2742 836 2809 laboris.
891 2777 895 2785 ·

69 2853 148 2940 lpse
165 2874 288 2916 manus
304 2851 426 2915 hausta
442 2847 598 2913 victrices
616 2848 722 2915 abluit
734 2848 851 2953 unda·
1018 2880 1073 2936 74⁰

23 2960 309 3048 anguiferumque
325 2967 428 3043 caput
443 2956 528 3021 dura
545 2976 589 3019 ne
606 2932 725 3021 laedat
734 2924 853 3033 amira,

23 3067 132 3133 mollit
148 3068 289 3130 humum
307 3065 410 3138 foliis,
428 3075 594 3150 natasque
611 3062 675 3126 sub
691 3082 840 3148 aequore
855 3061 972 3151 virgas

23 3174 155 3248 sternit,
172 3185 206 3239 et
221 3173 365 3258 imponit
379 3171 619 3258 Phorcynidos
635 3190 696 3237 ora
712 3168 894 3237 Medusae.
897 3158 934 3255 s

22 3281 122 3369 virga
138 3302 258 3346 recens
275 3279 459 3365 bibulaque
476 3278 663 3344 etiamnum
679 3277 758 3343 viva
774 3277 942 3343 medulla·

22 3389 92 3455 vim
110 3388 222 3474 rapuit
238 3386 391 3460 monstri,
409 3395 569 3471 tactuque
584 3385 735 3452 induruit
750 3386 865 3475 hujus,
1020 3416 1074 3474 743

24 3494 243 3583 percepitque
260 3513 386 3556 novum
403 3490 508 3554 ramis
525 3501 558 3555 et
573 3491 694 3557 fronde
711 3492 875 3581 rigorem.

24 3614 59 3668 at
74 3599 190 3688 pelagi
207 3599 382 3686 nymphae
398 3596 525 3661 lactum
543 3595 697 3662 mirabile
713 3610 880 3685 temptant

21 3708 177 3794 pluribus
194 3706 229 3771 in
246 3704 365 3789 virgis,
384 3712 417 3767 et
432 3702 523 3767 idem
540 3702 739 3792 contingere
755 3706 924 3794 gaudent,

3 3794 218 3899 seminaque
234 3834 282 3877 ex
296 3808 367 3875 illis
383 3808 509 3875 iterant
520 3808 650 3899 jactata
664 3831 725 3897 per
739 3812 866 3879 undas.
