2490 4208
98 186 169 247 XV.
184 186 259 258 207.]
411 165 482 233 Tae
509 164 701 254 Changr‘ng
719 164 879 233 Suasons.
1088 183 1150 252 141

102 365 248 452 parcite,
264 362 443 440 vaticinor,
459 375 628 450 cognatas
645 363 752 429 caede
767 362 919 428 nefanda

102 472 286 538 exturbare
302 470 448 546 animas,
466 491 532 537 nec
549 469 719 557 sanguine
735 469 878 556 sanguis
895 469 1016 534 alatur.
1102 497 1152 554 175

150 590 159 619 ‘
175 577 220 642 Et
234 576 397 664 quoniam
414 572 541 664 magno
556 577 649 642 feror
665 597 826 663 aequore,
844 577 1015 662 plenaque
1030 575 1141 640 ventis

101 685 181 750 vela
197 683 297 749 dedi:
322 681 420 747 Nihil
436 693 499 758 est,
519 693 588 748 toto
604 683 695 769 quod
712 694 838 768 perstet
853 684 889 746 in
905 684 1009 747 orbes

102 801 227 857 cuncta
239 788 363 866 fluunt,
380 789 562 875 omnisque
577 810 712 876 vagans
728 789 892 854 formatur
906 789 1037 878 imago.

101 897 178 983 ipsa
195 915 330 982 quoque
345 895 485 961 assiduo
500 895 662 960 labuntur
677 906 832 980 tempora
849 905 954 972 motu,

101 1024 172 1068 non
189 1022 288 1068 secus
304 1022 346 1067 ac
361 1000 502 1067 flumen.
551 1001 675 1088 Neque
692 1001 783 1065 enim
805 1001 992 1068 consistere
1007 1001 1151 1078 flumen,

101 1107 269 1177 necteris
284 1108 369 1176 hora
385 1119 515 1192 potest3
543 1107 605 1173 sed
621 1118 658 1172 ut
672 1109 767 1175 unda
783 1108 968 1194 impellitur
983 1109 1090 1184 unda,

100 1225 335 1302 urgueturque
351 1215 474 1281 eadem
489 1214 633 1279 veniens
648 1226 840 1302 urguetque
856 1213 1005 1300 priorem
1017 1251 1064 1265 -

100 1321 256 1406 tempora
272 1321 322 1385 sic
338 1319 474 1408 fugiunt
490 1320 628 1406 pariter,
647 1321 842 1408 pariterque
858 1332 1059 1408 sequuntur,

97 1438 135 1492 et
150 1446 240 1492 nova
255 1435 335 1494 suut
349 1448 506 1511 oempcr3
525 1447 606 1491 nam
622 1429 714 1513 quod
731 1425 794 1494 suit
809 1438 900 1503 ante,
914 1427 1069 1492 relictum
1085 1438 1150 1504 est,

101 1533 219 1619 fitque,
233 1531 325 1618 quod
338 1532 431 1599 haud
444 1532 566 1608 suerat,
581 1544 823 1620 momentaque
835 1544 960 1599 cuncta
970 1544 1152 1599 novantur.

148 1649 157 1679 ⁶
173 1636 297 1704 Cernis
313 1649 347 1703 et
362 1659 521 1705 emensas
537 1639 573 1703 in
588 1639 703 1704 luoem
718 1641 858 1709 tendere
873 1651 1005 1716 noctes,

101 1756 136 1811 et
146 1745 250 1834 jubar
266 1745 332 1811 hoc
347 1743 493 1810 nitidum
508 1744 631 1833 nigrae
647 1747 833 1812 succedere
849 1746 960 1822 nocti3

102 1873 167 1917 nec
183 1851 277 1920 color.
292 1861 343 1921 eet
358 1850 450 1919 idem
465 1852 579 1928 caelo,
593 1873 676 1918 cum
692 1853 784 1919 lassa
800 1854 914 1940 quiete

101 1969 226 2024 cuncta
237 1956 354 2046 jacent
369 1958 497 2034 media,
516 1978 664 2045 cumque
681 1960 760 2025 albo
776 1958 919 2025 Lucifer
933 1959 1005 2024 exit

103 2065 216 2130 clarus
232 2085 341 2150 equ03
364 2085 552 2151 rursusque
569 2065 670 2141 alius,
688 2086 768 2130 cum
785 2066 925 2152 praevia
941 2066 1028 2132 lucis
1104 2096 1170 2152 190·

102 2150 306 2239 tradendum
321 2169 463 2238 Phoebo
480 2170 670 2237 Pallantias
684 2171 793 2239 inficit
806 2173 940 2239 orbem.

104 2276 175 2364 ipse
192 2277 248 2344 dei
265 2277 395 2364 clipeus
411 2287 502 2344 terra
518 2299 598 2343 cum
613 2278 741 2344 tollitur
757 2278 827 2344 ima

104 2403 205 2449 mane
221 2383 331 2459 rubet,
348 2392 506 2470 terraque
521 2383 621 2449 rubet
635 2403 715 2449 cum
732 2383 889 2449 conditur
903 2383 994 2458 ima3

104 2489 271 2557 candidus
287 2489 321 2554 in
338 2511 473 2576 summo
488 2499 552 2566 est,
570 2490 693 2555 melior
707 2501 830 2554 natura
842 2491 938 2576 quod
954 2490 1026 2557 illic

103 2596 251 2664 aetheris
267 2607 329 2673 est,
347 2607 526 2683 terraeque
542 2597 662 2681 procul
677 2596 841 2684 contagia
857 2597 956 2684 sugit.
1103 2624 1153 2687 195
1195 2596 1199 2602 ’

100 2726 166 2775 nec
183 2727 248 2794 par
261 2717 321 2773 aut
332 2706 459 2772 eadem
475 2717 663 2772 nocturnae
681 2705 790 2770 forma
807 2704 944 2774 Dianae
1176 2789 1180 2795 ²

98 2833 178 2882 esse
195 2824 306 2900 potest
320 2833 508 2900 umquam3
533 2832 736 2898 semperque
754 2811 920 2877 hodierna
937 2822 1114 2898 sequente,

96 2922 125 2991 si
143 2920 282 2997 crescit,
300 2920 412 2985 minor
425 2930 490 2996 est,
508 2919 631 3007 major,
650 2919 679 2984 si
696 2919 865 2984 contrahit
880 2919 1010 2987 orbem.
1183 2912 1186 2917 ’

144 3040 156 3071 ⁴
176 3026 294 3112 Quid?
317 3049 386 3093 nou
401 3028 438 3092 in
455 3029 587 3114 species
602 3029 789 3094 succedere
805 3039 964 3116 quattuor
978 3049 1109 3093 annum

93 3134 243 3222 aspicis,
264 3133 383 3199 aetatis
397 3145 623 3221 peragentem
640 3133 830 3200 imitamina
846 3134 1004 3202 nostrae?
1102 3167 1155 3208 200

91 3259 184 3307 nam
200 3249 298 3305 tener
313 3250 347 3304 et
360 3239 492 3308 lactens
508 3240 674 3327 puerique
689 3242 883 3307 simillimus
900 3262 985 3308 aevo

90 3339 196 3415 Vere
213 3366 302 3412 novo
318 3355 389 3420 ests
413 3355 496 3411 tunc
512 3346 619 3411 herba
635 3368 756 3413 recens
772 3359 806 3414 et
821 3348 952 3413 roboris
968 3370 1093 3435 expers

91 3462 230 3539 turget,
247 3462 282 3517 et
296 3451 443 3518 insolida
459 3462 523 3528 est,
541 3462 575 3517 et
589 3473 651 3537 spe
668 3453 813 3521 delectat
829 3467 994 3542 agrestes.

92 3559 221 3628 omnia
235 3568 317 3625 tunc
331 3557 466 3632 florent,
481 3556 673 3644 florumque
691 3561 861 3625 coloribus
878 3562 989 3626 almus

93 3665 190 3733 ludit
205 3685 303 3752 ager,
320 3684 432 3750 neque
448 3665 564 3729 adhuc
578 3664 684 3730 virtus
700 3665 736 3729 in
752 3667 930 3732 frondibus
945 3667 1017 3731 ulla
1033 3678 1095 3734 est.

94 3770 226 3839 transit
239 3769 276 3834 in
292 3767 470 3839 Aestatem
486 3779 564 3855 post
579 3791 640 3835 ver
655 3771 825 3837 robustior
840 3793 951 3838 annus

97 3879 209 3965 fitque
224 3874 344 3945 valens
350 3874 511 3963 juvenior
535 3897 649 3967 neque
667 3877 763 3947 enim
777 3879 956 3951 robustior
973 3889 1076 3947 aetas
