2490 4208
108 183 182 241 v11.
197 183 255 256 70·]
365 162 437 231 She
458 158 647 231 de‘scourses
670 165 753 230 wz‘tk
776 160 918 249 borselfi
1021 152 1025 159 ¹
1115 165 1160 248 67

157 363 226 427 ‘Di
243 362 383 428 meliora
399 361 525 426 velint:
550 380 758 448 quamquam
774 383 844 426 non
861 361 924 425 ista
941 345 1129 446 precanda,

110 471 172 535 sed
189 470 346 535 facienda
364 467 457 532 mihi.
505 466 701 532 Prodamne
717 486 784 555 ego
800 488 909 554 regna
926 468 1091 552 parentis,

110 585 212 661 atque
228 596 293 658 ope
310 568 426 640 ne‘scio
442 553 520 660 qius
535 548 725 639 serirabitur
742 575 876 639 advena
894 586 1022 652 nostra,

108 691 148 745 ut
163 702 224 766 per
240 702 295 744 me
311 700 430 765 sospes
447 679 520 744 sine
538 700 591 744 me
609 680 664 757 det
681 680 784 744 lintea
801 680 924 756 ventis,
960 745 961 749 ,
1125 712 1161 764 40

108 785 228 875 virque
245 786 287 852 sit
303 786 454 862 alterius,
472 807 605 872 poenae
623 784 750 881 Medea
767 785 964 874 relinquar?

32 949 37 958 .
108 893 138 984 si
154 893 268 958 facere
285 894 364 969 hoc,
383 891 531 957 aliamve
548 903 656 978 potest
673 878 884 979 piaeponere
901 892 1013 968 nobis,

108 1000 244 1065 occidat
257 998 425 1088 ingratus.
475 998 547 1064 Sed
563 1021 630 1064 non
648 998 806 1093 isyultns
822 999 857 1063 in
874 999 948 1076 illo,-

108 1128 178 1171 non
196 1127 237 1171 ea
252 1105 411 1172 nobilitas
428 1104 542 1170 animo
558 1116 623 1181 est,
641 1125 682 1170 ea
699 1090 810 1192 gralia
827 1106 971 1181 formae,

107 1223 146 1277 ut
160 1213 298 1278 timeam
316 1212 471 1277 fraudem
489 1211 666 1299 meritique
683 1212 810 1278 oblivia
826 1212 944 1278 nostri.
1124 1242 1159 1300 45

108 1328 143 1384 et
159 1318 252 1384 dabit
268 1329 346 1383 ante
362 1319 486 1393 fidem3
512 1338 705 1407 cogamque
722 1319 757 1383 in
774 1319 913 1384 foedera
929 1329 1032 1384 testes

109 1445 185 1491 esse
201 1398 317 1509 deos-i
346 1423 442 1510 Quin
457 1435 529 1490 tuta
545 1423 665 1491 timesl
692 1426 888 1514 accingere,
907 1436 940 1491 et
955 1446 1094 1490 omnem

107 1533 200 1619 pelle
215 1550 368 1597 moram:
393 1532 454 1597 tibi
470 1553 507 1598 se
523 1554 661 1618 semper
677 1533 814 1622 debebit
830 1532 946 1610 Iason,

106 1650 141 1705 te
157 1639 233 1705 face
249 1639 406 1705 sollemni
419 1638 543 1726 junget
558 1639 636 1715 sibi,
655 1659 784 1725 perque
799 1637 967 1727 Pelasgas

107 1745 276 1813 servatrix
291 1746 395 1810 urbes
411 1755 558 1809 matrum
575 1744 796 1810 celebrabere
811 1745 923 1811 turba.
1127 1775 1162 1833 50

138 1851 273 1940 *Ergo
285 1873 352 1940 ego
365 1870 568 1940 germanam
580 1850 787 1939 fratremque
798 1861 998 1940 patremque
1008 1852 1162 1941 deosque

107 1967 141 2023 et
156 1958 270 2023 natale
287 1953 411 2035 solumi
430 1957 540 2022 ventis
557 1958 684 2034 ablata,
702 1956 918 2045 relinquam?

106 2085 234 2149 nempe
249 2074 346 2150 pater
361 2084 500 2141 saevus,
518 2084 644 2149 nempe
660 2075 712 2129 est
728 2084 805 2129 mea
820 2065 968 2129 barbara
984 2065 1097 2144 tellus,

106 2169 211 2234 frater
227 2169 341 2235 adbuc
356 2162 492 2234 infans:
516 2179 606 2234 stant
623 2191 757 2236 mecum
774 2180 852 2235 vota
868 2171 1013 2246 sororis3

105 2275 280 2341 maximus
295 2275 384 2340 intra
400 2297 455 2341 me
472 2275 558 2341 deus
574 2255 662 2341 estal
685 2275 766 2342 Non
783 2296 912 2363 magna
928 2279 1140 2364 relinquam

104 2403 236 2471 magna
251 2402 397 2469 sequar:
422 2380 556 2446 titulum
573 2391 728 2447 servatae
745 2383 846 2468 pubis
861 2382 1032 2459 Achivae,

104 2489 328 2576 notitiamque
343 2488 411 2553 loci
430 2488 591 2563 melioris,
610 2499 643 2553 et
658 2489 799 2574 oppida,
816 2511 961 2576 quorum

104 2595 162 2660 hic
177 2615 314 2682 quoque
329 2595 422 2661 sama
437 2594 544 2683 viget,
563 2594 741 2682 cultusque
758 2606 913 2683 artesque
929 2596 1104 2671 locorum;
1146 2594 1151 2601 '

103 2722 275 2788 quemque
290 2722 358 2789 ego
374 2722 452 2766 cum
469 2702 584 2778 rebus,
603 2720 691 2813 quas
706 2712 795 2819 toqus
811 2700 962 2788 possidet
977 2702 1082 2780 orbis,

101 2805 304 2873 Aesoniden
321 2819 471 2873 mutasse
487 2807 612 2883 velim‚‹
622 2829 690 2894 quo
707 2807 855 2895 conjuge
872 2807 905 2872 fe
919 2807 955 2872 ix
1118 2824 1155 2878 60

102 2927 138 2983 et
151 2888 207 2982 dis
223 2892 303 2981 caia
319 2894 423 2993 sedari
438 2926 474 2982 et
489 2918 617 2983 vertice
634 2917 746 2983 sidera
763 2928 916 3004 tangam.

149 3020 282 3106 Quid,
299 3022 393 3110 quod
407 3023 522 3089 nescio
538 3024 596 3111 qui
613 3024 735 3089 mediis
751 3022 924 3091 incurrere
941 3022 976 3086 in
992 3023 1093 3090 undis

101 3128 263 3195 dicuntur
278 3139 423 3206 montes,
441 3130 637 3216 ratibusque
653 3130 792 3196 inimica
810 3127 1009 3216 Charybdis

100 3256 196 3301 nunc
211 3236 348 3300 sorbere
365 3236 501 3312 fretum,
519 3257 612 3301 nunc
627 3222 785 3312 reddere,
804 3235 985 3322 cinctaque
1002 3237 1114 3303 saevis

101 3332 223 3427 Scylla
240 3360 349 3426 rapax
364 3342 507 3406 canibus
524 3340 642 3408 Siculo
659 3343 783 3409 latrare
800 3341 993 3428 profundo?
1116 3361 1150 3430 63

100 3466 227 3532 nempe
238 3456 359 3511 tenens
369 3447 461 3532 quod
474 3467 565 3521 amo,
581 3448 780 3536 gremioque
792 3449 827 3515 in
840 3447 975 3514 I'asonis
989 3451 1149 3527 haerenS,

101 3573 163 3637 per
177 3546 264 3616 freta
280 3551 385 3639 longa
402 3552 503 3616 ferar.
553 3551 650 3618 Nihil
667 3554 763 3619 illum
781 3557 943 3640 amplexa
958 3556 1103 3620 verebor
1113 3577 1123 3630 ;

102 3668 173 3733 aut,
189 3656 219 3722 si
234 3656 318 3744 quid
333 3667 496 3734 metuam,
514 3669 663 3723 metuam
680 3664 723 3724 de
741 3661 887 3748 conjuge
904 3664 989 3726 solo.

101 3761 346 3852 conjugiumne
361 3770 478 3839 vdcas,
496 3764 719 3851 speciosaque
736 3767 875 3831 nomina
892 3770 1014 3853 culpae
1085 3790 1087 3794 ·

103 3868 265 3956 imponis,
282 3866 423 3947 Medea,
441 3868 544 3937 tuae?
566 3871 651 3962 quin
667 3872 804 3965 aspice,
822 3866 1006 3966 quantum
1143 3902 1183 3952 '10
