2490 4208
19 222 22 226 ,
104 162 171 233 104
394 143 430 210 T
423 143 466 209 he
488 143 608 211 Deatk
632 144 870 289 οῘῩΟνρᾗεω.
1014 160 1160 233 [Mum

294 423 396 491 XVI.
428 425 513 490 Tua
539 396 676 491 Danau
699 447 747 492 oo
770 423 960 493 carneos.

472 622 576 693 [Boon
593 622 794 694 Xl.—1-84.]

157 796 253 850 Sarra
271 795 425 866 lamenting
443 792 472 846 in
490 792 612 847 solitude
630 792 673 847 sor
684 793 730 847 his
743 793 800 848 lost
817 794 965 866 Eurydice,
980 794 1114 864 Orpheus
1133 795 1160 850 is

102 883 224 936 assailed
245 884 274 935 in
295 900 312 936 a
335 882 429 952 frenzy
449 880 488 952 by
508 880 555 934 the
574 895 684 934 women
703 880 736 934 of
751 881 868 947 Thrace,
889 881 952 935 who
971 889 1032 936 tear
1052 882 1110 934 him
1130 882 1160 935 in

102 969 213 1038 pieces;
233 986 266 1022 so
281 970 341 1024 that
353 970 433 1023 while
452 968 497 1022 his
517 966 592 1038 body
605 968 629 1020 is
648 967 736 1022 borne
754 984 830 1036 upon
848 968 896 1023 the
915 968 1040 1035 Hebrus,
1055 969 1112 1023 and
1129 978 1161 1023 to

102 1057 149 1109 the
162 1057 213 1110 i'sle
226 1056 259 1110 os
274 1057 390 1121 Lesbos,
404 1056 447 1110 his
461 1055 550 1109 shade
563 1054 692 1125 securely
708 1054 784 1126 joins
798 1055 858 1114 that
875 1053 908 1108 of
922 1055 968 1109 his
981 1055 1044 1110 wife
1063 1057 1093 1109 in
1112 1056 1160 1109 the

103 1143 220 1214 Elysian
241 1145 263 1196 F
266 1144 334 1197 ields
353 1144 416 1211 (Xl.
434 1142 528 1211 1-66);
548 1142 595 1196 the
614 1158 723 1195 women
736 1142 798 1195 who
816 1142 873 1195 had
890 1143 995 1196 caused
1012 1142 1058 1196 his
1075 1142 1159 1197 death

103 1228 187 1298 being
198 1230 237 1301 by
248 1230 377 1284 Bacchus
390 1229 518 1302 changed
531 1237 560 1296 to
574 1237 647 1282 trees
663 1228 793 1299 (67-84).

177 1400 379 1468 ARMINE
401 1403 484 1469 dum
501 1401 559 1468 tali
576 1401 681 1468 silvas
698 1400 900 1488 animosque
915 1401 1067 1467 ferarum

199 1509 383 1574 Threicius
401 1520 495 1575 vates
511 1521 545 1574 et
560 1529 645 1574 saxa
663 1508 841 1594 sequentia
857 1508 964 1584 ducit,

39 1602 43 1607 ⁵
105 1637 187 1681 ecce
204 1638 310 1680 nurus
327 1615 510 1690 Ciconum,
528 1626 635 1680 tectae
652 1614 831 1701 lymphata
849 1614 966 1680 ferinis
1049 1628 1052 1633 ’

103 1734 244 1809 pectora
260 1723 458 1798 velleribus,
475 1722 596 1789 tumuli
613 1722 657 1787 de
674 1720 800 1786 vertice
818 1733 962 1785 cernunt

105 1830 262 1915 Orphea,
279 1829 450 1914 percussis
466 1829 653 1894 sociantem
669 1826 824 1892 carmina
840 1827 964 1892 nervis.
1144 1858 1162 1916 ς

103 1957 123 2002 ε
140 1936 262 2023 quibus
278 1957 361 2012 una,
380 1936 491 2000 levem
505 1935 634 2023 jactato
652 1935 746 2001 crine
762 1953 825 2020 per
841 1954 976 2008 auram,

104 2041 206 2118 ‘Em’
222 2042 270 2107 ait
287 2053 296 2083 ‘
312 2063 356 2108 en
373 2042 430 2108 hic
445 2054 497 2108 est
512 2045 616 2107 nostri
634 2052 847 2126 contemptor
859 2038 885 2104 1’
900 2051 935 2106 et
951 2041 1089 2116 hastam

102 2149 190 2217 vatis
207 2146 381 2236 Apollinei
398 2137 537 2214 vocalia
548 2148 639 2214 misit
654 2149 689 2212 iu
705 2168 788 2231 orat

103 2276 192 2344 quae
209 2256 298 2322 foliis
315 2267 475 2341 praesuta
491 2266 606 2322 notam
623 2255 697 2320 sine
713 2255 855 2320 vulnere
870 2253 964 2320 fecit.

148 2360 301 2428 Alterius
316 2362 421 2427 telum
438 2362 525 2446 lapis
542 2371 605 2436 est,
623 2361 681 2448 qui
699 2361 835 2438 missus,
853 2361 889 2426 in
905 2361 982 2449 ipso
1128 2394 1164 2436 ιο

104 2474 185 2534 aere
201 2483 369 2534 concentu
386 2468 495 2533 victus
511 2467 674 2554 vocisque
690 2468 855 2556 lyraeque
871 2481 936 2546 est,

107 2596 150 2641 ac
165 2575 268 2641 veluti
285 2575 432 2660 supplex
448 2585 595 2661 protam
613 2564 793 2642 furialibus
805 2561 901 2644 ausis

107 2693 185 2747 ante
201 2682 307 2767 pedes
320 2680 439 2768 jacuit.
488 2678 667 2773 ‚Sedenim
683 2683 866 2750 temeraria
878 2698 1042 2753 crescunt

103 2787 209 2864 bella,
228 2788 416 2873 modusque
433 2786 527 2861 abiit,
544 2786 735 2876 insanaque
752 2805 876 2882 regnat
891 2793 1032 2882 Erinys.

148 2892 351 2980 Cunctaque
367 2893 435 2957 tela
451 2892 561 2959 forent
577 2907 679 2961 cantu
698 2899 848 2976 mollita3
873 2901 934 2971 sed
951 2900 1076 2989 ingens
1127 2935 1160 2990 15

63 3035 67 3041 ·
103 3001 234 3066 clamor
250 3011 284 3065 et
299 2999 442 3065 insracto
459 2998 666 3089 Berecyntia
683 3004 764 3070 tibia
781 3028 902 3081 cornu,

101 3119 335 3194 tympanaque
351 3118 384 3171 et
399 3107 540 3192 plausus
556 3120 590 3174 et
606 3110 757 3177 Bacchei
775 3114 924 3178 ululatus

102 3215 322 3299 obstrepuere
339 3235 423 3279 sono
441 3215 604 3281 citharae.
651 3217 744 3283 Tum
762 3219 909 3306 denique
925 3240 1011 3286 saxa

103 3341 171 3385 non
188 3320 339 3386 exauditi
355 3322 544 3388 rubuerunt
561 3324 730 3410 sanguine
747 3325 847 3390 vatis.

103 3447 145 3492 ac
162 3426 308 3510 primum
325 3428 484 3494 attonitas
501 3429 690 3494 etiamnum
706 3451 791 3495 voce
808 3431 962 3498 canentis
1122 3466 1160 3506 20

101 3533 299 3599 innumeras
316 3536 487 3607 volucres,
507 3556 707 3621 anguesque
724 3556 920 3623 agmenque
936 3537 1102 3616 serarum,

102 3637 296 3707 Maenades
314 3640 446 3726 Orphei
463 3643 595 3705 titulum
612 3662 757 3726 rapuere
775 3643 947 3727 triumphi.

147 3747 232 3814 Inde
250 3746 434 3813 cruentatis
451 3758 628 3811 vertuntur
644 3747 679 3811 in
696 3747 837 3833 Orphea
854 3749 995 3828 dextris,

98 3865 136 3918 et
149 3860 276 3920 coe'unt
292 3865 328 3920 ut
344 3875 439 3930 aves,
457 3852 486 3918 si
503 3854 641 3940 quando
657 3855 734 3920 luce
750 3867 937 3943 vagantem
