2490 4208
90 204 153 271 162
465 202 614 270 Skorter
636 201 772 268 Poems.
951 215 1139 287 [Heroines.

462 648 511 712 II.
560 647 768 713 Hsnomes.

144 838 214 892 THE
224 835 363 893 Heroides
376 839 408 909 (“
419 839 559 892 Heroines
568 838 598 908 '')
612 854 660 892 are
672 855 689 891 a
701 839 790 891 series
800 836 833 891 of
840 836 926 893 about
935 847 1042 910 twenty
1050 839 1136 893 letters

90 921 247 978 addressed
265 924 335 977 from
348 926 459 978 various
478 925 609 994 mythical
627 925 684 978 and
702 924 854 996 legendary
865 926 1136 996 persons-chiefly

10 1014 15 1023 ’
91 1007 161 1062 from
174 1010 267 1081 lonely
278 1013 363 1065 wives
383 1011 438 1064 and
460 1011 591 1065 sorsaken
608 1010 703 1065 brides
724 1019 753 1066 to
772 1013 904 1067 husband
915 1029 949 1066 or
960 1013 1045 1067 lover.
1081 1013 1135 1066 The

91 1096 217 1165 example
230 1097 295 1150 here
307 1098 389 1168 given
402 1099 427 1150 is
442 1099 489 1151 the
502 1098 563 1151 first
575 1097 632 1151 and
644 1097 766 1169 perhaps
779 1099 844 1154 best
854 1098 888 1152 of
902 1101 950 1155 the
962 1101 1061 1154 series.

414 1290 587 1378 Penelope
609 1301 644 1357 to
675 1293 825 1380 Ulysses.

92 1468 280 1614 HANG
295 1481 353 1536 tua
369 1469 544 1556 Penelope
560 1472 652 1538 lento
668 1474 726 1538 tibi
744 1475 853 1551 mittit,
871 1474 1000 1540 Ulixe:

221 1576 282 1642 Nil
300 1577 383 1641 mihi
399 1578 581 1654 rescribas,
601 1591 635 1644 at
650 1591 764 1645 tamen
782 1581 855 1666 ipse
870 1581 962 1646 veni.

91 1682 198 1772 Troja
210 1683 303 1773 jacet
319 1695 422 1760 certe,
441 1685 574 1751 Danais
590 1685 700 1752 invisa
716 1688 861 1771 puellis3

135 1791 207 1857 Vix
223 1790 381 1856 Priamus
398 1791 481 1856 tanti
497 1803 634 1879 totaque
649 1794 755 1881 Troja
772 1794 846 1858 suit.

13 1889 16 1893 ’
92 1895 125 1962 Ο
140 1897 272 1963 utinam
287 1908 373 1974 tum,
392 1918 471 1962 cum
488 1897 755 1964 Lacedaemona
772 1901 883 1966 classe
899 1901 1048 1988 petebat,
1110 1923 1120 1978 5

137 2004 289 2070 Obrutus
305 2005 435 2069 insanis
452 2015 542 2069 esset
558 2005 690 2070 adulter
707 2006 827 2093 aquisl

91 2111 174 2178 Non
189 2132 258 2198 ego
274 2112 408 2176 deserto
421 2111 606 2199 jacuissem
626 2112 750 2199 frigida
767 2113 868 2189 lecto,

136 2217 219 2284 Non
234 2239 396 2305 quererer
411 2218 527 2283 tardos
542 2218 591 2282 ire
608 2218 724 2283 relicta
741 2219 836 2294 dies;
902 2285 905 2290 ,
971 2265 974 2269 -

91 2324 170 2391 Nec
187 2325 270 2389 mihi
285 2325 463 2410 quaerenti
480 2325 664 2409 spatiosam
681 2326 800 2391 fallere
817 2337 954 2392 noctem

136 2430 319 2497 Lassasset
334 2431 456 2496 viduas
474 2430 624 2516 pendula
640 2433 708 2496 tela
725 2454 861 2498 manus.
1098 2456 1120 2496 ιο

93 2536 244 2622 Quando
260 2560 328 2627 ego
344 2561 412 2604 non
429 2538 526 2602 timui
544 2538 701 2624 graviora
719 2540 872 2624 pericula
887 2538 1001 2605 veris?

137 2645 211 2711 Res
227 2657 278 2711 est
294 2645 427 2711 solliciti
445 2644 548 2729 plena
564 2645 694 2709 timoris
712 2666 819 2710 amor.

91 2751 132 2816 In
148 2762 181 2817 te
197 2754 371 2841 fingebam
389 2753 556 2817 violentos
571 2750 684 2816 Troas
700 2751 826 2826 ituros;

80 2841 84 2846 ’
136 2858 287 2924 Nomine
303 2860 337 2924 in
357 2860 528 2924 Hectoreo
545 2858 674 2942 pallida
692 2878 828 2944 semper
844 2878 952 2923 eram.

91 2963 174 3032 Sive
189 2966 265 3052 quis
281 2966 504 3031 Antilochum
523 2966 684 3029 narrabat
700 2965 744 3028 ab
763 2965 912 3029 Hectore
928 2965 1064 3038 victum,
1098 2975 1121 3034 15

136 3071 341 3138 Antilochus
358 3074 462 3138 nostri
479 3095 584 3138 causa
600 3072 730 3137 timoris
749 3083 841 3146 erat3

91 3178 187 3255 Sive,
205 3179 449 3245 Menoetiaden
465 3181 560 3245 falsis
579 3180 745 3245 cecidisse
762 3179 825 3243 sub
843 3179 962 3254 armis,

136 3287 280 3351 Flebam
298 3309 459 3352 successu
475 3309 575 3372 posse
593 3309 712 3361 carere
730 3286 847 3358 dolos3

92 3393 271 3480 Sanguine
286 3393 509 3478 Tlepolemus
527 3392 673 3479 Lyciam
692 3395 900 3478 tepefecerat
917 3393 1059 3465 hastam,

135 3497 331 3585 Tlepolemi
347 3500 414 3564 leto
431 3520 513 3563 cura
531 3510 654 3563 novata
672 3521 749 3564 mea
766 3510 838 3573 est3
1095 3509 1121 3551 ²⁰

92 3604 264 3690 Denique,
282 3605 435 3690 quisquis
451 3615 523 3668 erat
539 3604 658 3668 castris
671 3605 850 3693 jugulatus
866 3604 1013 3669 Achivis

136 3710 310 3798 Frigidius
326 3711 438 3798 glacie
455 3722 574 3794 pectus
592 3713 736 3776 amantis
753 3724 837 3776 erat.

87 3816 161 3884 Sed
178 3817 267 3882 bene
283 3817 453 3883 consuluit
468 3827 561 3882 casto
579 3817 663 3881 deus
680 3838 810 3903 aequus
828 3819 958 3885 amori:

45 3950 49 3955 ·
124 3922 238 3992 Versa
256 3937 310 3994 est
326 3925 361 3994 in
380 3927 520 3996 cineres
536 3924 668 4012 sospite
678 3923 793 4011 'lesia
803 3923 894 3986 uiso.
