2490 4208
79 218 121 264 10
242 218 267 263 1.
308 195 380 264 Tae
408 195 571 263 Creatc'on
595 196 670 262 and
690 195 746 261 the
767 193 894 261 Flood.
982 214 1127 286 [Murali.

76 396 167 461 filius
184 405 262 460 ante
278 393 368 459 diem
385 388 512 479 patrios
528 391 666 480 inquirit
682 391 717 457 in
734 413 856 460 annos.

76 503 165 567 victa
179 501 270 590 jacet
287 501 414 586 pietas3
440 511 473 565 et
488 499 587 587 virgo
604 500 711 564 caede
728 500 920 579 madentes,

76 609 196 674 ultima
213 608 412 681 caelestum,
430 615 538 671 terras
555 603 702 671 Astraea
719 605 867 693 reliquit.

77 737 164 780 neve
181 713 266 780 foret
281 713 379 779 terris
396 713 548 778 securior
564 712 692 778 arduus
710 714 840 790 aether,

78 821 257 886 affectasse
273 820 385 885 serunt
401 838 547 908 regnum
565 820 711 885 caeleste
729 818 915 909 Gigantas

77 930 214 1015 altaque
231 937 412 1013 congestos
429 924 593 991 struxisse
610 925 654 991 ad
671 926 784 993 sidera
801 941 946 994 montes.

121 1035 214 1099 Tum
230 1044 327 1119 pater
343 1031 558 1117 omnipotens
576 1031 680 1098 misso
698 1033 862 1122 perfregit
878 1035 1066 1124 Olympum

77 1140 233 1215 fulmine,
251 1150 285 1204 et
300 1140 452 1204 excussit
467 1138 759 1227 subjecto‘Pelion
777 1141 899 1207 Ossae.
1080 1173 1129 1230 155

76 1248 198 1313 obruta
214 1247 304 1312 mole
321 1266 382 1310 sua
399 1267 477 1311 curn
495 1267 639 1332 corpora
656 1246 729 1312 dira
742 1246 909 1336 jacerent,

77 1355 251 1441 perfusam
269 1353 374 1419 multo
391 1364 549 1418 natorum
566 1352 735 1442 sanguine
752 1354 898 1421 Terram

76 1460 288 1525 inmaduisse
304 1460 417 1524 ferunt
432 1459 651 1546 calidumque
667 1456 839 1527 animasse
856 1480 1024 1541 cruorem,

77 1579 123 1643 et,
141 1588 185 1632 ne
201 1567 295 1631 nulla
313 1587 396 1631 suae
412 1566 526 1652 stirpis
544 1579 763 1633 monumenta
782 1578 970 1645 manerent,

77 1675 112 1739 in
129 1674 253 1739 faciem
270 1673 410 1738 vertisse
428 1672 627 1750 hominum3
652 1675 713 1740 sed
730 1686 763 1740 et
778 1675 836 1740 illa
854 1690 1010 1765 propago
1080 1693 1129 1750 160

78 1778 305 1866 contemptrix
321 1801 483 1866 superum
500 1801 693 1868 saevaeque
710 1780 908 1847 avidissima
925 1782 1041 1849 caedis

77 1900 111 1954 et
127 1888 274 1953 violenta
291 1887 372 1962 fuit3
400 1886 506 1953 scires
522 1908 541 1952 e
558 1887 728 1975 sanguine
744 1900 854 1954 natos.

124 1993 226 2084 Quae
243 2006 340 2080 pater
355 2005 392 2059 ut
407 2015 541 2059 summa
558 1993 641 2058 vidit
656 1993 838 2061 Saturnius
855 2012 948 2073 arce,

28 2174 31 2180 ¹
76 2101 240 2190 ingemit3
266 2111 311 2176 et,
330 2100 421 2165 facto
436 2101 587 2164 nondum
604 2100 746 2189 vulgata
762 2102 903 2179 recenti,

77 2210 179 2276 foeda
195 2195 397 2297 Lycaoniae
415 2206 567 2272 reserens
583 2206 740 2272 convivia
756 2228 911 2285 mensae,

77 2316 234 2404 ingentes
252 2315 366 2379 animo
383 2324 416 2378 et
432 2312 556 2400 dignas
568 2313 654 2399 Jove
671 2312 819 2398 concipit
835 2314 915 2391 iras,

78 2423 330 2509 conciliumque
346 2430 466 2494 vocat3
492 2419 599 2485 tenuit
615 2441 711 2485 mora
728 2422 823 2485 nulla
839 2433 991 2488 vocatos.

78 2539 129 2595 est
144 2529 199 2593 via
217 2527 385 2604 sublimis,
405 2526 502 2592 caelo
519 2526 699 2593 manifesta
716 2544 858 2594 sereno:

77 2634 209 2702 Lactca
226 2655 351 2700 nomen
369 2634 484 2709 habet,
506 2633 655 2698 candore
672 2630 831 2700 notabilis
847 2634 934 2720 ipso.

67 2728 145 2807 ¹hac
161 2741 224 2806 iter
239 2753 290 2806 est
304 2741 437 2826 superis
455 2741 498 2805 ad
516 2738 634 2827 magni
650 2750 739 2806 tecta
755 2734 924 2808 Tonantis

15 2894 32 2909 t
78 2848 300 2936 regalemque
317 2847 478 2922 domum3
503 2848 625 2912 dextra
641 2846 809 2934 laevaque
826 2846 969 2914 deorum

78 2955 164 3019 atria
180 2954 344 3019 nobilium
362 2953 470 3019 valvis
487 2954 703 3019 celebrantur
719 2952 856 3039 apertis.

78 3062 176 3148 plebs
193 3060 322 3125 habitat
337 3061 473 3126 diversa
489 3060 595 3137 locis3
621 3082 641 3125 a
656 3060 766 3126 fronte
782 3070 937 3146 potentes
964 3067 974 3089 ²

78 3168 264 3233 caelicolae
282 3167 432 3254 clarique
449 3190 529 3234 suos
546 3189 692 3254 posuere
709 3179 862 3253 penates.

78 3275 135 3340 hic
151 3275 247 3340 locus
263 3283 325 3349 est,
343 3295 460 3360 quem,
479 3273 507 3340 si
523 3274 637 3340 verbis
654 3272 799 3340 audacia
817 3275 927 3353 detur,

78 3381 172 3446 haud
188 3381 327 3446 timeam
343 3380 461 3468 magni
479 3379 606 3446 dixisse
622 3381 767 3446 Palatia
785 3381 886 3447 caeli.

123 3487 218 3574 Ergo
235 3487 292 3552 ubi
310 3507 500 3552 marmoreo
516 3486 630 3572 superi
647 3488 766 3554 sedere
783 3510 936 3567 recessu,

79 3594 201 3659 celsior
217 3594 290 3679 ipse
307 3593 382 3656 loco
400 3603 601 3680 sceptroque
619 3593 754 3660 innixus
772 3597 904 3663 eburno

77 3700 260 3765 terrificam
277 3697 398 3784 capitis
415 3699 587 3764 concussit
603 3712 720 3787 terque
737 3715 926 3791 quaterque

79 3807 280 3879 caesariem,
300 3826 376 3870 cum
394 3826 462 3891 qua
478 3816 617 3881 terram,
637 3828 744 3882 mare,
763 3809 877 3875 sidera
894 3811 1009 3877 movit.

60 3912 194 3974 talibus
208 3913 293 3976 inde
309 3911 425 3978 modis
441 3933 503 3979 ora
519 3911 736 4003 indignantia
752 3916 875 3982 soluit:
