2490 4208
97 170 143 265 96
385 176 456 240 Tria
478 174 598 240 Deatlz
621 177 668 260 os
681 174 866 241 Hercules.
1006 189 1153 263 [Menam

99 371 284 458 Osuperi3
307 382 444 459 totoque
460 373 571 437 libens
589 371 671 436 mihi
690 382 827 458 pectore
843 384 973 461 grator,

98 480 190 566 quod
207 480 367 545 memoris
384 480 501 565 populi
519 479 614 544 dicor
630 491 808 566 rectorque
825 492 1004 566 paterque,
1099 508 1153 565 243

32 594 35 599 '
99 597 132 649 et
148 606 225 650 mea
241 585 425 673 progenies
441 597 552 651 vestro
569 606 705 672 quoque
721 596 792 651 tuta
808 586 925 651 lavore
942 594 1004 651 est.

99 713 178 757 nam
196 713 405 779 quamquam
423 692 529 778 ipsius
546 693 645 757 datur
662 693 729 758 hoc
745 692 952 758 immanibus
969 691 1069 770 actis,

98 799 233 886 obligor
249 800 323 885 ipse
339 811 467 864 tamen.
516 799 587 865 Sed
604 799 709 876 enim,
727 822 772 864 ne
788 812 927 886 pectora
942 821 1033 866 vano

98 905 168 969 fida
185 916 275 970 metu
292 917 453 991 paveant,
471 905 620 972 Oetaeas
637 907 786 992 spernite
803 907 974 972 flammas.

98 1012 214 1077 omnia
230 1012 287 1099 qui
303 1013 396 1089 vicit,
413 1012 539 1090 vincet,
558 1036 643 1101 quos
659 1014 810 1090 cernitis,
828 1014 949 1102 ignes3
1099 1043 1152 1101 250

98 1140 164 1184 nec
180 1120 245 1184 nisi
263 1131 416 1184 materna
432 1121 616 1186 vulcanum
634 1132 730 1208 parte
746 1132 917 1206 potentem

46 1298 52 1306 ,
98 1225 233 1292 sentiet.
281 1226 471 1291 Aeternum
488 1239 539 1292 est
555 1248 575 1292 a
591 1249 646 1293 me
662 1229 754 1315 quod
770 1229 884 1303 traxit,
903 1238 937 1292 et
953 1249 1079 1313 expers

99 1343 200 1419 atque
216 1332 369 1397 immune
384 1333 493 1408 necis,
511 1335 674 1421 nullaque
691 1334 864 1401 domabile
879 1333 1042 1400 flamma:

98 1438 201 1525 idque
217 1460 285 1527 ego
301 1439 498 1504 defunctum
515 1451 604 1505 terra
621 1441 824 1507 caelestibus
840 1441 909 1506 oris

99 1545 280 1630 accipiam,
299 1546 497 1633 cunctisque
514 1568 629 1612 meum
646 1549 805 1613 laetabile
823 1548 951 1633 factum
1098 1578 1151 1635 255

98 1651 151 1718 dis
167 1652 239 1718 sore
256 1653 402 1718 confido.
452 1652 568 1740 Siquis
583 1666 698 1719 tamen
717 1654 882 1731 Hercule,
900 1654 1007 1741 siquis

79 1753 81 1758 ’
98 1760 182 1825 forte
199 1761 265 1825 deo
281 1760 445 1825 doliturus
462 1761 536 1837 erit,
556 1762 636 1826 data
653 1762 806 1846 praemia
824 1763 935 1826 nolet:

98 1867 158 1932 sed
176 1867 340 1932 meruisse
356 1867 429 1932 dari
447 1867 543 1942 sciet,
560 1867 753 1955 invitusque
770 1867 951 1954 probabit)

142 1972 333 2040 Assensere
349 1974 426 2048 dei3
451 1975 601 2063 conjunx
617 1996 753 2062 quoque
769 1975 866 2062 regia
881 1975 956 2040 visa
972 1986 1024 2040 est

97 2092 211 2146 cetera
227 2103 295 2146 non
312 2081 410 2156 duro,
429 2081 514 2146 duro
530 2093 645 2146 tamen
662 2081 781 2145 ultima
798 2082 893 2146 vultu
1097 2100 1153 2154 260

98 2184 187 2249 dicta
204 2183 320 2248 tulisse
332 2182 441 2268 Jovis,
461 2204 565 2270 seque
582 2183 769 2249 indoluisse
784 2195 948 2249 notatam.

143 2290 276 2355 Interea
293 2290 533 2377 quodcumque
549 2290 611 2356 fuit
626 2290 824 2376 populabile
840 2290 1014 2367 flammae,

97 2396 269 2462 Mulciber
286 2397 491 2472 abstulerat;
517 2419 582 2462 nec
598 2398 841 2484 cognoscenda
857 2399 1022 2464 remansit
1046 2472 1049 2477 ⁴

99 2503 259 2569 Herculis
277 2504 421 2591 effigies,
440 2505 705 2590 necquicquam
722 2506 766 2569 ab
782 2502 935 2590 imagine
950 2506 1093 2570 ductum

98 2611 214 2676 matris
230 2612 346 2687 habet,
364 2623 563 2697 tantumque
574 2610 671 2696 Jovis
687 2611 832 2699 vestigia
849 2621 973 2676 servat.
1086 2630 1150 2699 ,265

96 2733 199 2806 utque
217 2740 325 2783 novus
342 2740 483 2803 serpens
500 2719 609 2803 posita
625 2739 703 2783 cum
722 2720 811 2804 pelle
827 2729 966 2783 senecta
1037 2774 1041 2781 .

96 2826 270 2891 luxuriare
287 2827 384 2901 solet,
403 2846 614 2912 squamaque
630 2825 740 2890 virere
756 2825 905 2890 recenti:

97 2933 147 2998 sic
163 2932 220 2998 ubi
238 2932 398 2996 mortales
414 2930 617 3017 Tirynthius
633 2931 727 2996 exuit
744 2943 848 3006 artuS,

97 3049 192 3125 parte
209 3039 260 3103 sui
279 3039 418 3103 meliore
434 3038 538 3124 viget,
556 3038 731 3126 majorque
746 3037 855 3103 videri

97 3146 220 3231 coepit,
239 3156 272 3210 et
288 3157 435 3231 augusta
452 3144 524 3209 fieri
542 3144 709 3232 gravitate
723 3146 904 3210 verendus.
1096 3178 1152 3230 270

97 3274 198 3339 quern
216 3264 313 3336 pater
329 3250 543 3336 omnipotens
560 3251 646 3314 inter
663 3272 748 3314 cava
765 3253 881 3315 nubila
898 3264 1033 3339 raptum

98 3358 302 3448 quadrijugo
320 3378 422 3423 curru
438 3356 648 3423 radiantibus
664 3357 776 3422 intulit
791 3358 902 3424 astris.
